3022 5080
724 521 892 582 ..12-

312 698 420 778 ἀικός.
461 699 585 778 Αάτάς
610 699 668 784 μὲν
688 696 743 765 οὖν
763 700 818 766 οάκ
835 705 951 791 ιἦσθετο
976 699 1045 785 τήν
1068 699 1223 785 ἔφοδον,
1242 701 1298 768 εἴτε

313 818 401 903 φύσει
429 817 534 904 νωθηζ·
562 812 621 895 uir,
647 815 701 884 εἴτε
730 816 803 899 μεθ’
829 815 946 903 η’μὲραν
973 815 1140 894 κατάκοπος
1165 816 1298 903 γεγονώς.

315 941 389 1004 Τών
413 936 449 1002 δὲ
475 941 532 1002 τοῦ
561 940 717 1021 κηπουροῦ
742 935 890 1021 κυναρίων
913 931 1053 1002 κάτωθεν
1073 934 1298 1018 ἐκκαλουμένων

312 1052 404 1120 αάτάν
420 1051 638 1138 ὑπεφθέγγετο.

353 1175 487 1234 Primum
513 1173 659 1236 articulus
679 1167 714 1234 τά
734 1175 813 1234 inter
835 1167 915 1234 πολά
935 1184 964 1234 et
989 1163 1144 1253 ἀιάστημα
1170 1173 1296 1232 interse-

310 1292 420 1352 rendus
440 1303 491 1352 est.
538 1291 651 1353 Deinde
671 1290 863 1372 praeferenda
885 1289 976 1350 lectio
1002 1291 1133 1372 Vulgata
1156 1291 1296 1372 θηρευτι-

311 1401 379 1482 κο’ς,·
398 1430 471 1468 nam
488 1409 658 1470 conseratur
675 1410 765 1468 etiam
789 1409 890 1468 lloral.
911 1409 981 1489 Peg.
1002 1408 1057 1480 52,
1079 1409 1111 1467 B.
1152 1409 1294 1490 Tum'pro

310 1549 373 1588 voc.
400 1521 504 1600 Αάτάς
522 1527 684 1608 legendum
711 1547 769 1587 esse
793 1527 924 1608 conjicio
951 1513 1050 1598 Οὗτος
1056 1549 1070 1598 ,·
1085 1525 1192 1586 diversi
1213 1526 1294 1584 enim

310 1646 421 1707 adsunt
436 1667 536 1716 canes,
558 1647 612 1727 qui
630 1645 704 1704 huic
719 1655 918 1726 opponuntur
938 1643 1000 1705 τών
1018 1641 1054 1702 δὲ
1069 1642 1125 1704 τοῦ
1142 1641 1295 1722 κηπουροῦ

309 1761 467 1846 κυναρίων.
508 1764 658 1824 Postremo
684 1762 896 1844 corrigendum
921 1762 976 1843 τῆς
999 1752 1125 1842 ἐφόδου.
1166 1751 1294 1822 Aludd-

309 1883 416 1942 νεσθαι
436 1882 519 1942 σοῖσι
544 1903 612 1941 cum
632 1881 770 1940 Genitivo
792 1881 993 1952 construitur,
1015 1882 1038 1940 si
1059 1881 1128 1962 quis
1145 1879 1220 1962 quid
1241 1901 1294 1938 sno

308 2021 398 2062 sensu
413 1999 523 2060 directe
541 1999 685 2082 percipit5
708 1997 878 2058 conseratur
897 1999 930 2057 in
952 1995 1022 2056 rab.
1043 1997 1121 2057 llax.
1138 1997 1208 2078 Pag.
1225 1996 1293 2068 182,

309 2117 340 2176 C.
381 2109 435 2178 τάν
453 2111 511 2192 μὲν
526 2110 581 2176 οάκ
598 2109 819 2193 αἰσθανόμενον
832 2115 886 2196 τῆς
900 2107 1066 2193 δυνάμεως,
1077 2108 1130 2176 τάν
1145 2110 1174 2174 δ’
1184 2113 1293 2176 αἰσθα-

307 2224 431 2309 νόμενον
455 2232 510 2313 τῆς
533 2228 600 2313 περὶ
622 2225 715 2292 αάτάν
732 2227 906 2305 ἀσθενείας,
936 2234 971 2292 in
999 2234 1126 2294 Demetr.
1156 2234 1225 2316 Cap.
1242 2233 1291 2303 38,

308 2349 378 2409 init.
420 2341 473 2410 τάν
491 2340 594 2429 ἶατράν
609 2340 780 2408 αἰσθέσθαι
797 2344 925 2428 ἐρῶντος
940 2343 1050 2425 αάτοῦς
1073 2373 1142 2411 cum
1168 2353 1294 2412 Accusa·

308 2467 370 2526 tivo
387 2477 501 2541 autem,
518 2466 547 2524 ,si
568 2485 603 2524 ex
624 2465 686 2524 alio
707 2464 793 2525 audit
800 2489 808 2542 3
832 2466 1003 2526 conseratur
1016 2469 1142 2528 Ilemetr.
1156 2469 1227 2552 Cap.
1242 2468 1292 2544 23,

307 2583 363 2644 fin.
404 2575 535 2660 ἀδελφόν
555 2577 652 2644 ου’τοῦ
668 2581 821 2644 Φίλιππον
848 2575 1031 2662 αἰσθόμενος
1054 2580 1130 2646 ποθ’
1153 2581 1171 2645 ἀ
1193 2579 1293 2667 πατήρ

306 2693 509 2776 καταλύοντα,
540 2699 615 2762 ibid.
636 2701 707 2782 Cap.
733 2701 774 2761 32
798 2702 867 2762 init.
910 2693 1104 2778 Αἰσθόμενος
1127 2697 1162 2763 δὲ
1182 2703 1293 2778 τοῦτο,

306 2819 381 2880 ibid.
401 2819 473 2902 Cap·
497 2820 537 2880 53
563 2821 632 2882 init.
685 2814 727 2891 ώς
744 2819 861 2905 ᾔσθετο
880 2817 919 2880 td
942 2813 1072 2897 λείψανα
1093 2813 1290 2898 κομιζόμενος

307 2948 360 2996 aut
380 2940 404 2996 si
425 2938 494 3019 quis
516 2958 554 2996 ex
573 2939 624 3008 iis,
643 2957 721 3018 quae
744 2939 808 3018 ipse
827 2938 969 3018 percipit,
993 2938 1060 2997 risis
1077 2937 1196 3019 aliquid
1221 2951 1291 2996 c'on-

303 3053 421 3134 jectura
442 3052 579 3133 colligit,
603 3053 707 3134 itaque
727 3053 873 3114 indirecte
894 3054 997 3125 sentit,
1019 3054 1189 3114 conseratur
1209 3055 1291 3115 Arat.

305 3170 377 3254 Cap.
392 3172 454 3232 XX.
466 3169 521 3231 fin.
562 3160 757 3249 Αἰσθάμενος
770 3165 806 3232 ἀὲ
817 3165 874 3253 την
888 3161 1008 3252 ἀπάτην
1020 3167 1071 3232 καὶ
1082 3165 1134 3234 τάν
1145 3166 1291 3233 κίνδυνον.

348 3445 395 3507 10.
435 3442 474 3508 Ὁ
500 3441 528 3506 θ’
554 3438 623 3508 α’πά
647 3449 703 3508 τοῦ
726 3439 841 3529 πύργου
867 3442 954 3534 αὐτῷ
980 3437 1169 3528 ἀντεφώνησε
1193 3441 1291 3529 μηδὲν

303 3555 379 3626 εἶναι
398 3555 508 3638 δεινόν,

344 3682 475 3742 Sintenis
498 3679 636 3740 adnotat:
666 3674 744 3757 ,ἀπά
768 3681 825 3741 τοῦ
849 3675 964 3762 πώργου
992 3678 1076 3768 αὐτῷ
1098 3673 1290 3763 ἀντεφώνησε

301 3799 378 3858 dant
397 3799 488 3858 Codd.
505 3797 553 3880 Sg.
572 3797 606 3856 Α.
625 3797 656 3856 Β.
670 3797 704 3857 ll.
720 3798 750 3857 G.
766 3799 799 3856 V.
808 3821 816 3874 3
843 3791 906 3859 ἀπά
925 3801 981 3860 τοῦ
997 3789 1112 3882 πάργου
1130 3793 1223 3860 ου’τάν
1238 3793 1289 3858 ἀν-

302 3905 452 3994 τεφώνησε
461 3913 605 3995 Vulgata5
627 3909 689 3974 ἀπά
704 3914 760 3974 τοῦΙ
772 3908 889 3996 πύργου
904 3911 978 3996 πράς
993 3911 1085 3978 αάτάν
1097 3907 1289 3998 ἀντεφώνησε

303 4029 471 4112 corrigebat
499 4029 682 4112 Stephanus,
713 4032 795 4114 quod
822 4031 913 4092 iidem
937 4033 1063 4093 excedit.
1114 4011 1177 4094 Sed
1196 4033 1286 4093 etiarn

302 4139 449 4209 librorum
470 4149 647 4232 scripturam
667 4150 730 4210 vitii
748 4151 902 4212 convincit
921 4149 1035 4232 duplex
1053 4149 1152 4210 hiatus
1167 4169 1285 4233 prorsus
