3022 5080
719 502 866 561 ,4,

301 683 420 765 inquit‚
443 683 485 744 Tu
502 685 645 767 quidem,
666 707 685 744 o
706 687 892 770 Polycrates,
914 689 958 746 vir
980 708 1009 746 cs
1022 657 1213 770 israeclarus:
1236 687 1285 746 sed

300 799 392 860 nimis
419 799 475 861 tibi
504 802 560 884 ipsi
585 803 716 885 placeres
736 806 762 864 si
783 816 904 866 tantum
925 802 982 865 tibi
1004 804 1145 864 tribueres
1168 815 1202 864 ut
1222 824 1294 864 non

300 918 427 980 Aratum
454 920 555 1001 potius
585 921 770 982 imitandum
797 923 858 982 tuis
882 921 971 994 filiis,
996 941 1091 1005 quam
1113 933 1157 992 tc,
1178 940 1286 1004 propo-

300 1045 410 1096 neres.‘
450 1036 556 1097 Risum
578 1043 700 1101 teneas?
743 1041 821 1121 Ergo
847 1041 961 1112 amico,
989 1041 1039 1099 cui
1066 1038 1151 1099 hunc
1170 1037 1285 1099 librum

300 1153 436 1226 dedicat,
463 1156 512 1214 cui
540 1167 661 1237 gratum
688 1157 761 1217 lacit
781 1159 906 1240 ejusque
926 1155 1017 1233 filiis,
1044 1154 1144 1216 labem
1166 1157 1286 1239 adsper-

300 1283 395 1353 geret‚
410 1271 565 1355 superbiae
580 1285 609 1334 ct
626 1277 816 1358 arrogantiae
831 1276 935 1360 palam
951 1277 1122 1336 incusaret?
1153 1261 1286 1356 Indigno

302 1387 417 1448 librum
438 1389 611 1451 dedicaret?
634 1427 673 1437 -—
700 1390 868 1454 Probabilis
890 1393 1007 1453 videtur
1027 1391 1175 1453 Schaeseri
1197 1391 1286 1452 lectio

301 1499 413 1579 παντδς
433 1504 542 1586 βελτίω
567 1503 661 1571 adadu
680 1505 840 1593 ἡγεῖσθαι,
866 1531 958 1592 quam
985 1522 1014 1570 et
1041 1531 1119 1569 unus
1142 1508 1286 1570 Codicum

301 1622 438 1696 exhibet,
460 1626 484 1684 si
504 1625 594 1686 modo
614 1625 769 1686 Plutarchi
793 1627 909 1688 dictum
928 1649 992 1686 non
1012 1627 1050 1686 ad
1067 1639 1181 1709 patrem
1198 1629 1287 1709 perti·

301 1763 371 1803 nere
394 1756 562 1822 censeatur,
591 1767 691 1805 verum
720 1747 758 1805 ad
780 1746 873 1818 filios,
891 1749 1022 1828 juvenes
1042 1745 1130 1824 illos,
1155 1745 1286 1806 eumad

186 1905 188 1908 -
302 1862 425 1938 vitium,
444 1864 537 1946 ¹quod
568 1875 671 1924 auctor
693 1867 816 1946 tangit,
844 1865 1007 1948 proclivior
1035 1877 1113 1927 aetas
1142 1865 1197 1925 illa
1227 1886 1286 1924 esso
1325 1859 1328 1863 ¹

301 1979 402 2039 soleat.

702 2259 807 2319 CAP.
850 2260 890 2317 11.

342 2447 379 2506 6:
414 2445 525 2528 ἄνδρας
550 2437 690 2519 ἕιδδξυυς
711 2439 750 2507 ui
775 2436 908 2536 agiliora
933 2443 983 2506 καὶ
1010 2442 1043 2506 ἒν
1073 2437 1198 2522 δυνάμει
1223 2446 1286 2506 τῶν

302 2565 433 2628 πὸλιιῶν
452 2554 548 2637 ὄντας.

342 2675 418 2754 δυ’ξιι
443 2693 472 2742 ct
495 2674 625 2760 δύναμις
648 2684 880 2764 conjunguntur
905 2691 934 2739 et
955 2677 1012 2738 sibi
1034 2687 1231 2762 opponuntur
1253 2687 1287 2734 ut

301 2791 387 2881 λόγος
407 2812 435 2860 et
455 2792 548 2882 ἔργον.
590 2793 666 2872 δόξα
687 2811 730 2860 est
750 2801 848 2872 sama,
866 2785 996 2875 δυ’ναμις
1019 2817 1057 2856 ex
1072 2818 1133 2878 qua
1153 2815 1186 2853 ea
1206 2805 1287 2859 orta,

302 2917 445 2996 dignitas.
489 2915 667 2974 conseratur
692 2937 781 2996 supra
804 2914 873 2995 Cap.
895 2915 909 2972 I
931 2912 985 2973 fin.
1011 2905 1046 2974 ’δν
1066 2915 1132 2974 οὔτε
1151 2910 1193 2995 τῇ
1212 2905 1289 2994 δδξῃ

302 3033 344 3120 τῇ
372 3030 438 3114 περὶ
467 3025 592 3092 arcuada
622 3034 688 3092 οὔτε
724 3029 766 3114 τῇ
794 3023 920 3108 δυνάμει
951 3022 1175 3108 καταισχύνεις,
1208 3029 1288 3089 infra

304 3153 374 3234 Cap.
395 3151 459 3211 XLI
481 3151 549 3210 init.
571 3140 788 3230 πεπρωτευκώς
807 3145 840 3207 δι
860 3143 909 3208 καὶ
931 3139 1057 3225 δυνδμιι
1073 3144 1123 3208 καὶ
1141 3136 1217 3229 δδξῃ
1229 3144 1291 3206 τῶν

302 3259 466 3351 Ἑλλήνων.
511 3269 566 3348 Ag.
588 3279 616 3326 ct
637 3265 748 3326 Cleom.
770 3266 839 3348 Pag.
860 3264 936 3336 807,
950 3265 981 3325 C.
1012 3258 1203 3345 πρωτεύοντα
1215 3254 1291 3347 δδξῃ

305 3384 354 3448 καὶ
374 3380 501 3464 δυνάμει
521 3385 582 3446 τῶν
602 3385 743 3444 πολιτῶν.
784 3383 937 3442 Genitivus
954 3381 1017 3441 τῶν
1033 3381 1164 3442 πολιτῶν
1180 3381 1291 3462 pendet

306 3501 344 3563 ab
367 3502 505 3562 adverbio
526 3493 566 3561 ui
585 3497 734 3577 μάλιστιις
749 3496 782 3557 ἐν
806 3490 934 3575 δυνάμει
957 3498 999 3558 ὤν
1019 3497 1098 3557 idem
1115 3498 1193 3557 valet
1207 3499 1289 3580 quod

306 3611 480 3698 δυνάμενος.
524 3616 701 3677 conseratur
723 3614 802 3676 infra
824 3614 894 3696 Cap.
908 3614 1050 3689 XXXIII,
1067 3615 1135 3674 iuit.
1169 3616 1291 3678 Παντα·

307 3731 402 3801 λέοντι
415 3737 462 3823 τῷ
470 3737 610 3798 πλεῖστον
622 3730 773 3795 Αἰτωλῶν
787 3725 956 3818 δυναμένῳ.
982 3737 1025 3790 At
1038 3737 1109 3810 quid
1122 3756 1156 3790 eu
1171 3741 1291 3794 monui?

309 3859 385 3932 Quia
414 3855 586 3918 Schaescrus
612 3852 780 3934 genitivum
807 3849 870 3912 τῶν
889 3849 1019 3912 πολιτῶν
1039 3851 1166 3932 pendere
1188 3873 1203 3910 a
1226 3873 1290 3912 voc.

309 3965 435 4048 δυνάμει
455 3972 615 4053 opinatur3
638 3969 671 4028 in
693 3968 756 4049 ojus
777 3968 860 4026 enim
882 3967 1022 4028 editionis
1043 3967 1147 4027 Indice
1163 3966 1292 4048 legirnus

311 4088 359 4166 ,ἐν
380 4080 506 4166 δυνάμει
526 4086 588 4150 τῶν
607 4084 738 4149 πολιτῶν
758 4075 832 4150 εἶναι
851 4085 958 4147 Rarior
979 4084 1121 4166 phrasis.‘
