3022 5080
632 524 812 586 ...53-.

224 711 357 794 eonjeeit
370 709 533 792 legendum
547 729 605 771 esse
614 706 808 771 211(le
821 705 1212 770 ΔΙΕῸΘΑΡΜΕΝΟΥΣ.

225 827 266 886 lt
287 827 397 910 quidni
418 825 500 887 hanc
520 827 763 888 emendationem
783 829 817 887 in
838 837 953 888 textum
976 827 1103 908 recipere
1124 847 1212 886 ausus

224 944 292 1005 est?

669 1065 764 1074 -ae-

611 1217 714 1278 CAP.
756 1219 830 1278 XLI.

270 1410 316 1469 15.
356 1403 420 1495 telo
441 1404 477 1470 δὲ
496 1405 571 1492 πρός
591 1402 683 1472 uairo'v
702 1405 818 1487 ἔπεμψε
835 1403 1028 1490 Τρίπυλον
1048 1406 1097 1472 καὶ
1118 1400 1214 1470 πᾶλιν-

224 1517 432 1606 Μογιστόνουν
457 1520 509 1588 τᾶν
535 1520 676 1610 πατρωόν
694 1518 931 1605 ὑπισχνούμενος
951 1528 1030 1586 ἄλλα
1055 1547 1087 1588 τε
1110 1519 1211 1586 πολλοὶ

224 1643 275 1705 καὶ
301 1639 419 1708 δώδεκα
443 1647 576 1708 τάλαντα
601 1640 740 1737 ου’νταξιν
763 1642 925 1719 ἐνιαύσιον,
952 1636 1210 1727 ὑπερβαλλόμενος

223 1765 269 1852 τῷ
286 1761 386 1846 ἡμίσει
407 1765 606 1844 Πτολεμαῖον·
629 1762 748 1844 [ἐκεῖνος
762 1757 820 1849 yda
837 1761 871 1838 ἓξ
885 1753 1019 1827 τάλαντα
1034 1761 1079 1850 τῷ
1092 1752 1209 1846 Ἀράτῳ

222 1875 287 1941 κατ’
306 1874 443 1941 haurit
462 1874 661 1962 ἀπέστελλεν]
775 1879 777 1882 ’

264 1997 324 2056 Nec
346 1994 500 2079 Τρίπυλον
520 2009 563 2060 est
583 2019 696 2058 nomen
711 1999 786 2075 viri,
807 2019 863 2059 neo
881 1991 1108 2079 Τριτύμαλλον,
1123 1996 1207 2078 quod

222 2115 334 2194 legitur
351 2117 385 2174 in
399 2117 452 2176 rit.
463 2116 627 2175 Cleomenis
646 2137 714 2198 pag.
726 2114 796 2188 813,
805 2115 847 2188 E„
860 2101 1016 2176 =Graecum
1030 2099 1073 2174 est
1085 2134 1206 2174 nomen.

223 2234 332 2293 Verum
346 2255 458 2293 nomen
472 2255 510 2292 ex
525 2232 697 2316 Phylarcho
706 2232 871 2316 petendum
882 2242 962 2292 esset.
975 2219 1014 2278 2-
1029 2233 1111 2307 Quae
1122 2221 1207 2290 uncis

221 2351 333 2426 inclusi
349 2349 534 2432 deprehendi
551 2349 792 2412 additamentum
806 2350 968 2432 magistelli
982 2349 1132 2433 explicare
1145 2343 1209 2430 θεοί

222 2467 324 2528 tientis
337 2466 413 2550 quid
424 2467 461 2526 sit
471 2465 634 2527 dimidium
643 2456 802 2528 duodecim
813 2466 1006 2528 talentorum.
1030 2465 1116 2527 Nihil
1124 2467 1206 2526 enim

222 2587 293 2645 novi
314 2585 451 2656 additur,
480 2583 563 2644 nihil
584 2587 619 2644 in
640 2587 704 2645 istis
727 2586 916 2656 continetur,
930 2555 1020 2667 ¹quod
1037 2605 1101 2643 non
1124 2595 1205 2643 ante·

222 2702 359 2764 oedentia
384 2703 641 2786 complectuntur3
672 2698 705 2775 ἓξ
733 2693 868 2764 τάλαντα
894 2703 977 2761 enim
1002 2701 1204 2760 Ptolemaeum

220 2823 337 2882 mittere
357 2813 564 2881 manifestatur
584 2822 649 2904 ipso
670 2843 734 2882 voc.
755 2815 854 2901 ἡμίσει
875 2819 1008 2880 anteced.
1015 2865 1024 2896 ,
1048 2819 1204 2878 notionem

220 2932 284 3000 κατ’
307 2931 444 3000 ἐνιαυτόν
470 2940 570 3022 ipsum
597 2961 659 3000 voe,
680 2931 830 3001 ἐνιαύσιον
851 2949 945 2999 antec.
969 2935 1203 3020 comprehendit.

220 3057 300 3130 Quae
318 3077 416 3138 quum
438 3057 480 3116 ita
500 3058 577 3136 sint,
598 3059 667 3140 quis
688 3069 731 3120 est
747 3059 825 3139 quin
840 3077 956 3117 meeum
972 3057 1027 3116 ista
1042 3054 1203 3115 Plutarcho

218 3171 392 3254 abjudicet?

585 3450 606 3512 C
620 3453 646 3512 A
660 3453 691 3512 P.
733 3451 839 3514 XLIII.

259 3639 287 3701 6.
320 3640 420 3702 Ἤιδει
446 3640 503 3725 γιέρ
527 3637 696 3726 ηόξημὲνον
716 3638 825 3706 ἑαυτόν
838 3631 878 3716 ιἐξ
898 3631 942 3706 ὧν
961 3641 1089 3716 ἐκείνους
1108 3648 1205 3718 κακῶς

217 3753 338 3840 ἐποίησε
363 3756 413 3820 καὶ
438 3749 563 3843 πρώτην
584 3751 728 3842 εἰληφότα
747 3757 889 3840 μεγίστην
907 3753 1056 3823 υπόθεσιν
1075 3762 1128 3844 τῆς
1147 3785 1204 3826 πο·

217 3864 324 3949 tacetur
342 3869 399 3958 τήν
418 3865 492 3959 node
511 3871 754 3959 Ἀντίγονοντὸν
773 3873 937 3939 παλαιᾶν
957 3873 1085 3962 ἔχθραν.

259 3993 393 4056 offendit
408 4007 475 4058 νυοί
489 3987 634 4070 παλαιόν,
655 3996 739 4080 quod
756 4006 932 4079 corruptum
947 3998 1065 4059 ridetur
1082 4021 1098 4058 a
1112 3999 1204 4058 libra·

217 4111 270 4170 rio.
314 4115 454 4187 Quamvis
479 4115 560 4175 enim
582 4113 791 4196 intelligamus
812 4135 903 4197 quem
925 4115 1114 4196 Antigonum
1136 4115 1204 4176 Plu·
