3022 5080
613 549 788 616 ,35-

252 733 317 806 Quo
337 729 487 813 particula
507 723 586 810 ydp?
623 730 703 790 Num
723 731 801 792 ratio
823 731 968 792 affertur?
999 732 1110 816 Nempe
1125 753 1197 798 oon·

208 846 305 908 clusio
323 846 458 908 efficitur.
491 847 710 929 Corrigendum
729 849 824 929 igitur
842 849 960 910 ridetur
979 845 1037 922 Τίς
1058 839 1123 912 οὖν
1143 847 1198 914 οὖν

208 957 247 1026 ἂν
265 958 445 1044 θαυμάσειε.
463 1001 502 1012 -
520 965 634 1028 Deinde
650 987 705 1049 pro
724 961 937 1056 διαγωνίσηται
953 967 1117 1048 legendum
1134 966 1198 1030 deo-

208 1086 371 1164 νωνιιῖτιιις
398 1083 568 1145 conseratur
592 1085 676 1146 enim
702 1105 792 1167 supra
819 1084 890 1167 Gap.
912 1085 1004 1146 XVII.
1027 1087 1097 1147 init.
1130 1075 1200 1160 ὅλος

208 1195 357 1284 ἀνήρτητο
376 1203 443 1274 ταῖς
463 1197 629 1284 φροντίσιν,
648 1187 731 1275 ὅπως
751 1192 953 1284 ἅφαιρήσιται
972 1197 1064 1289 δόλῳ.
1094 1203 1199 1267 Moral-

210 1320 280 1401 Pag.
297 1319 375 1391 825,
397 1321 433 1380 A.
469 1313 590 1392 ον’δινός
608 1307 700 1402 ἧττον
718 1319 764 1406 τῷ
782 1322 927 1407 πολιτικῷ
945 1320 1087 1403 προσῆκει
1100 1321 1200 1386 ταῦτα
1275 1298 1278 1302 ’

209 1434 320 1500 ἰᾶσθαι
346 1434 397 1498 καὶ
424 1428 740 1520 προκαταλαμβάνειν,
767 1424 850 1510 ὅπως
875 1432 915 1500 roi
944 1433 1001 1516 μὲν
1029 1432 1095 1500 οὐδ’
1119 1427 1200 1514 ὅλως

210 1547 312 1628 ἔσται,
332 1549 372 1615 ru*
391 1549 426 1614 δὲ
441 1543 588 1615 παύσεται
608 1547 726 1633 ταχέως
745 1546 786 1616 τα
805 1547 833 1616 δ’
848 1549 886 1616 οὔ
904 1547 1034 1636 λήψεται
1053 1551 1199 1636 μέγεθος,

211 1665 276 1732 οὐδ’
295 1659 406 1750 ἅψεται
425 1670 488 1733 τῶν
507 1667 673 1752 δημοσίων.
693 1709 729 1717 -
752 1673 828 1732 Tum
848 1672 984 1732 attendas
999 1673 1114 1734 advoc.
1129 1667 1200 1756 παρ1

211 1783 322 1852 αὐτῶν.
365 1788 534 1852 Sohaeferus
555 1790 688 1872 explicat
708 1783 810 1852 criseis
830 1790 853 1850 i.
876 1811 902 1852 e.
922 1789 985 1854 τῶν
1001 1784 1200 1870 τιμιωτάτων.

212 1910 288 1991 Ergo
314 1909 423 1969 Aratus
447 1910 568 1991 pignori
593 1910 765 1991 opposuerit
784 1929 828 1970 res
848 1911 1089 1992 pretiosissimas,
1117 1911 1200 1972 undo

212 2029 324 2111 pignus
351 2027 485 2108 aceepit?
528 2029 678 2108 Interpres
702 2027 806 2086 vertit:
833 2027 869 2085 ab
896 2035 932 2084 tis
953 2049 1006 2108 μιο
1027 2028 1129 2104 quibus
1149 2031 1201 2086 illa

213 2145 349 2223 agebat?
391 2144 538 2227 Equidem
564 2145 621 2206 ista
647 2141 793 2206 vocabula
820 2141 860 2203 ab
885 2142 979 2205 sciolo
1006 2143 1122 2226 adjecta
1142 2165 1201 2206 esse

212 2273 288 2347 puto
309 2262 370 2324 hoo
391 2283 478 2325 sensu
498 2263 661 2323 nimirum:
684 2257 769 2343 παραὶ
785 2251 902 2324 τούτων
922 2250 966 2334 οἷς
985 2253 1044 2324 ἔδει
1064 2255 1104 2325 roi
1124 2257 1201 2346 χρή-

212 2406 296 2462 ματα
316 2384 452 2460 κεῖσθαι,
474 2383 647 2444 conseratur
667 2380 734 2464 huj.
748 2381 819 2465 Cap.
837 2382 972 2443 initium.
1002 2381 1042 2444 dt
1056 2381 1115 2443 hoc
1131 2381 1200 2442 loco

214 2501 305 2564 nulla
325 2501 440 2562 mentio
461 2499 497 2561 fit
517 2500 554 2560 de
575 2500 677 2582 Ergini
699 2500 802 2576 sociis;
825 2520 919 2582 quam
940 2500 1009 2582 quis
1029 2519 1093 2560 non
1114 2498 1201 2562 intel-

216 2619 294 2700 ligat
314 2618 405 2702 plane
426 2617 478 2678 ahs
498 2640 529 2678 re
549 2619 632 2678 sore?
667 2619 764 2692 Quare
785 2636 866 2678 voco.
887 2610 941 2678 ἀπ’
961 2611 1063 2679 αὐτῶν
1083 2615 1201 2678 oblitte-

216 2735 313 2798 randa
333 2755 391 2796 esse
413 2755 525 2796 censeo.

607 3022 713 3082 CAP.
755 3022 816 3081 XX.

261 3219 290 3278 1.
331 3206 438 3277 Οὖσαν
457 3208 492 3274 δὲ
512 3209 586 3274 καθ’
606 3205 702 3293 αὐτην
721 3209 876 3291 ἐπισφαλῆ
891 3204 947 3291 τήν
959 3208 1067 3289 πρᾶξιν
1078 3205 1204 3286 ἐπισφα-

219 3327 361 3415 λεστέραν
385 3327 522 3412 ἐποίησιν
547 3325 680 3409 ἁμαρτίαι
704 3347 750 3399 τις
773 3319 869 3398 sidric
892 3323 927 3388 dv
951 3320 1037 3411 ἀρχῇ
1058 3324 1204 3404 συμβᾶσα

220 3445 260 3510 δι’
279 3453 408 3529 ἄγνοιαν.

261 3568 364 3630 Oratio
377 3565 499 3628 tenuior
511 3585 603 3647 quam
617 3585 672 3646 pro
686 3583 767 3624 more
781 3562 969 3624 Graecorum.
1000 3562 1040 3622 In
1052 3562 1205 3644 integrum

219 3687 414 3750 restituamus.
431 3681 597 3746 inserendis
616 3680 789 3764 particulis,
806 3701 885 3764 quae
900 3679 1043 3742 excidisse
1055 3677 1205 3752 ridentur,

220 3807 314 3868 altera
334 3797 376 3867 ἔτ’
396 3815 466 3866 ante
486 3793 761 3883 ἐπισφαλεστέραν,
780 3819 842 3882 qua
862 3797 1087 3880 comparativus
1106 3796 1207 3858 adrer-

220 3945 268 3986 sus
296 3923 462 3985 Positirum
489 3930 584 3991 caret,
612 3917 705 3980 altera
730 3913 783 3980 troi
808 3927 878 3977 ante
902 3908 983 3976 καθ’.
1023 3913 1121 3976 Facile
1140 3912 1207 3976 fieri

220 4043 322 4126 potuit
341 4052 378 4101 ut
397 4039 455 4101 hae
476 4036 643 4121 particulae
661 4033 831 4098 exciderint
851 4034 890 4098 ob
910 4035 1080 4098 litterarum
1101 4035 1208 4096 simili·

221 4160 361 4222 tudinem
382 4157 616 4240 insequentium.

1046 4268 1066 4327 3
1073 4269 1088 4304 λ’
