<?xml version="1.0" encoding="UTF-8"?>
<!DOCTYPE html PUBLIC "-//W3C//DTD XHTML 1.0 Transitional//EN"
    "http://www.w3.org/TR/xhtml1/DTD/xhtml1-transitional.dtd">
<html xmlns="http://www.w3.org/1999/xhtml" xml:lang="en" lang="en">
 <head>
  <title>
</title>
<meta http-equiv="Content-Type" content="text/html;charset=utf-8" />
  <meta name='ocr-system' content='tesseract 3.04.00' />
  <meta name='ocr-capabilities' content='ocr_page ocr_carea ocr_par ocr_line ocrx_word'/>
</head>
<body>
  <div class='ocr_page' id='page_1' title='image "./specimenlittara00zeitgoog_0040.png"; bbox 0 0 3022 5080; ppageno 0'>
   <div class='ocr_carea' id='block_1_1' title="bbox 649 545 814 608">
    <p class='ocr_par' dir='ltr' id='par_1_1' title="bbox 649 545 814 608">
     <span class='ocr_line' id='line_1_1' title="bbox 649 545 814 608; baseline 0 -18"><span class='ocrx_word' id='word_1_1' title='bbox 649 545 814 608; x_wconf 58' lang='lat'><strong>-29-</strong></span> 
     </span>
    </p>
   </div>
   <div class='ocr_carea' id='block_1_2' title="bbox 234 721 1219 1398">
    <p class='ocr_par' dir='ltr' id='par_1_2' title="bbox 234 721 1219 1398">
     <span class='ocr_line' id='line_1_2' title="bbox 234 721 1217 814; baseline 0 -24"><span class='ocrx_word' id='word_1_2' title='bbox 234 743 312 792; x_wconf 85' lang='lat' dir='ltr'><strong>recte</strong></span> <span class='ocrx_word' id='word_1_3' title='bbox 334 730 426 791; x_wconf 84' lang='lat' dir='ltr'><strong>altera</strong></span> <span class='ocrx_word' id='word_1_4' title='bbox 443 725 478 790; x_wconf 82' lang='grc' dir='ltr'><strong>δὲ</strong></span> <span class='ocrx_word' id='word_1_5' title='bbox 499 741 569 790; x_wconf 89' lang='lat' dir='ltr'><strong>ante</strong></span> <span class='ocrx_word' id='word_1_6' title='bbox 589 721 764 809; x_wconf 73' lang='grc' dir='ltr'><strong>Ἀντιγόνου</strong></span> <span class='ocrx_word' id='word_1_7' title='bbox 783 727 941 811; x_wconf 86' lang='lat' dir='ltr'>respondet</span> <span class='ocrx_word' id='word_1_8' title='bbox 958 727 1002 814; x_wconf 75' lang='grc' dir='ltr'><strong>τῷ</strong></span> <span class='ocrx_word' id='word_1_9' title='bbox 1023 724 1090 806; x_wconf 82' lang='grc' dir='ltr'><strong><em>μὲν.</em></strong></span> <span class='ocrx_word' id='word_1_10' title='bbox 1125 730 1217 790; x_wconf 81' lang='lat' dir='ltr'><strong>Istam</strong></span> 
     </span>
     <span class='ocr_line' id='line_1_3' title="bbox 234 841 1218 931; baseline -0.002 -23"><span class='ocrx_word' id='word_1_11' title='bbox 234 850 329 930; x_wconf 85' lang='lat' dir='ltr'><strong>igitur</strong></span> <span class='ocrx_word' id='word_1_12' title='bbox 353 847 535 931; x_wconf 80' lang='lat' dir='ltr'>particulam</span> <span class='ocrx_word' id='word_1_13' title='bbox 560 841 595 907; x_wconf 79' lang='grc' dir='ltr'><strong>δὲ</strong></span> <span class='ocrx_word' id='word_1_14' title='bbox 619 845 758 930; x_wconf 85' lang='lat' dir='ltr'><strong>equidem</strong></span> <span class='ocrx_word' id='word_1_15' title='bbox 778 867 929 929; x_wconf 83' lang='lat' dir='ltr'><strong>expungo.</strong></span> <span class='ocrx_word' id='word_1_16' title='bbox 967 847 1098 908; x_wconf 84' lang='lat' dir='ltr'><strong>Sintenis</strong></span> <span class='ocrx_word' id='word_1_17' title='bbox 1118 857 1218 908; x_wconf 88' lang='lat' dir='ltr'><strong>autem</strong></span> 
     </span>
     <span class='ocr_line' id='line_1_4' title="bbox 234 959 1219 1049; baseline -0.004 -23"><span class='ocrx_word' id='word_1_18' title='bbox 234 988 291 1049; x_wconf 88' lang='lat' dir='ltr'><strong>pro</strong></span> <span class='ocrx_word' id='word_1_19' title='bbox 309 977 385 1048; x_wconf 89' lang='lat' dir='ltr'><strong>part.</strong></span> <span class='ocrx_word' id='word_1_20' title='bbox 404 959 487 1026; x_wconf 80' lang='lat' dir='ltr'><strong>dide</strong></span> <span class='ocrx_word' id='word_1_21' title='bbox 501 986 554 1025; x_wconf 89' lang='lat' dir='ltr'><strong>suc</strong></span> <span class='ocrx_word' id='word_1_22' title='bbox 567 960 729 1038; x_wconf 71' lang='lat' dir='ltr'><strong>dedituri,</strong></span> <span class='ocrx_word' id='word_1_23' title='bbox 746 963 829 1046; x_wconf 89' lang='lat' dir='ltr'><strong>quod</strong></span> <span class='ocrx_word' id='word_1_24' title='bbox 843 962 997 1046; x_wconf 87' lang='lat' dir='ltr'><strong>improbo,</strong></span> <span class='ocrx_word' id='word_1_25' title='bbox 1018 964 1091 1046; x_wconf 88' lang='lat' dir='ltr'><strong>quia</strong></span> <span class='ocrx_word' id='word_1_26' title='bbox 1104 963 1219 1046; x_wconf 84' lang='lat' dir='ltr'>duplex</span> 
     </span>
     <span class='ocr_line' id='line_1_5' title="bbox 234 1079 1217 1164; baseline -0.002 -20"><span class='ocrx_word' id='word_1_27' title='bbox 234 1079 285 1144; x_wconf 77' lang='grc' dir='ltr'><strong><em>καὶ</em></strong></span> <span class='ocrx_word' id='word_1_28' title='bbox 311 1083 350 1143; x_wconf 91' lang='lat' dir='ltr'><strong>ad</strong></span> <span class='ocrx_word' id='word_1_29' title='bbox 377 1083 539 1144; x_wconf 83' lang='lat' dir='ltr'>discrimen</span> <span class='ocrx_word' id='word_1_30' title='bbox 565 1093 677 1164; x_wconf 89' lang='lat' dir='ltr'><strong>spectat</strong></span> <span class='ocrx_word' id='word_1_31' title='bbox 702 1083 782 1141; x_wconf 88' lang='lat' dir='ltr'><strong>inter</strong></span> <span class='ocrx_word' id='word_1_32' title='bbox 802 1102 882 1162; x_wconf 85' lang='lat' dir='ltr'><strong>reges</strong></span> <span class='ocrx_word' id='word_1_33' title='bbox 902 1092 932 1141; x_wconf 91' lang='lat' dir='ltr'><strong>et</strong></span> <span class='ocrx_word' id='word_1_34' title='bbox 951 1081 1095 1164; x_wconf 82' lang='lat' dir='ltr'><strong>dynastas</strong></span> <span class='ocrx_word' id='word_1_35' title='bbox 1102 1104 1111 1158; x_wconf 89' lang='lat'>;</span> <span class='ocrx_word' id='word_1_36' title='bbox 1132 1081 1217 1164; x_wconf 85' lang='lat' dir='ltr'><strong>quod</strong></span> 
     </span>
     <span class='ocr_line' id='line_1_6' title="bbox 235 1197 1219 1283; baseline -0.001 -24"><span class='ocrx_word' id='word_1_37' title='bbox 235 1201 304 1283; x_wconf 90' lang='lat' dir='ltr'><strong>quis</strong></span> <span class='ocrx_word' id='word_1_38' title='bbox 325 1211 369 1260; x_wconf 87' lang='lat' dir='ltr'><strong>est</strong></span> <span class='ocrx_word' id='word_1_39' title='bbox 388 1201 467 1282; x_wconf 91' lang='lat' dir='ltr'><strong>quin</strong></span> <span class='ocrx_word' id='word_1_40' title='bbox 487 1200 597 1259; x_wconf 88' lang='lat' dir='ltr'><strong>sentiat</strong></span> <span class='ocrx_word' id='word_1_41' title='bbox 615 1197 674 1258; x_wconf 91' lang='lat' dir='ltr'><strong>hoc</strong></span> <span class='ocrx_word' id='word_1_42' title='bbox 695 1198 763 1258; x_wconf 91' lang='lat' dir='ltr'><strong>loco</strong></span> <span class='ocrx_word' id='word_1_43' title='bbox 781 1199 918 1280; x_wconf 90' lang='lat' dir='ltr'><strong>ineptum</strong></span> <span class='ocrx_word' id='word_1_44' title='bbox 940 1199 1022 1258; x_wconf 81' lang='lat' dir='ltr'><strong>esaei</strong></span> <span class='ocrx_word' id='word_1_45' title='bbox 1044 1235 1083 1246; x_wconf 87' lang='lat'><strong>--</strong></span> <span class='ocrx_word' id='word_1_46' title='bbox 1104 1197 1219 1260; x_wconf 85' lang='lat' dir='ltr'><strong>Deinde</strong></span> 
     </span>
     <span class='ocr_line' id='line_1_7' title="bbox 235 1304 1217 1398; baseline -0.004 -20"><span class='ocrx_word' id='word_1_47' title='bbox 235 1317 396 1377; x_wconf 84' lang='lat' dir='ltr'><strong>offendunt</strong></span> <span class='ocrx_word' id='word_1_48' title='bbox 423 1315 513 1376; x_wconf 75' lang='lat' dir='ltr'><strong>verba</strong></span> <span class='ocrx_word' id='word_1_49' title='bbox 537 1314 600 1377; x_wconf 81' lang='grc' dir='ltr'><strong>τῶν</strong></span> <span class='ocrx_word' id='word_1_50' title='bbox 624 1305 858 1393; x_wconf 71' lang='grc' dir='ltr'><strong>ἐμμανεστάτων</strong></span> <span class='ocrx_word' id='word_1_51' title='bbox 882 1304 1011 1396; x_wconf 72' lang='grc' dir='ltr'><strong><em>ἐρώτων.</em></strong></span> <span class='ocrx_word' id='word_1_52' title='bbox 1054 1316 1129 1378; x_wconf 87' lang='lat' dir='ltr'><strong>Nam</strong></span> <span class='ocrx_word' id='word_1_53' title='bbox 1154 1337 1217 1398; x_wconf 89' lang='lat' dir='ltr'><strong>quo</strong></span> 
     </span>
    </p>
   </div>
   <div class='ocr_carea' id='block_1_3' title="bbox 235 1424 1338 1517">
    <p class='ocr_par' dir='ltr' id='par_1_3' title="bbox 235 1424 1338 1517">
     <span class='ocr_line' id='line_1_8' title="bbox 235 1424 1338 1517; baseline 0.001 -25"><span class='ocrx_word' id='word_1_54' title='bbox 235 1433 362 1517; x_wconf 87' lang='lat' dir='ltr'><strong>pluralis</strong></span> <span class='ocrx_word' id='word_1_55' title='bbox 381 1424 523 1514; x_wconf 72' lang='grc' dir='ltr'><strong>ἔρῶτωνδ</strong></span> <span class='ocrx_word' id='word_1_56' title='bbox 561 1431 661 1514; x_wconf 82' lang='lat' dir='ltr'><strong>Atque</strong></span> <span class='ocrx_word' id='word_1_57' title='bbox 681 1429 755 1491; x_wconf 87' lang='lat' dir='ltr'><strong>alibi</strong></span> <span class='ocrx_word' id='word_1_58' title='bbox 780 1432 818 1492; x_wconf 85' lang='lat' dir='ltr'><strong>ad</strong></span> <span class='ocrx_word' id='word_1_59' title='bbox 839 1433 938 1514; x_wconf 89' lang='lat' dir='ltr'><strong>ipsum</strong></span> <span class='ocrx_word' id='word_1_60' title='bbox 958 1424 1056 1513; x_wconf 77' lang='grc' dir='ltr'><strong><em>ἔρωτα</em></strong></span> <span class='ocrx_word' id='word_1_61' title='bbox 1076 1433 1218 1516; x_wconf 81' lang='lat' dir='ltr'><strong>adjungit</strong></span> <span class='ocrx_word' id='word_1_62' title='bbox 1335 1445 1338 1452; x_wconf 82' lang='grc'><em>’</em></span> 
     </span>
    </p>
   </div>
   <div class='ocr_carea' id='block_1_4' title="bbox 234 1545 1217 2550">
    <p class='ocr_par' dir='ltr' id='par_1_4' title="bbox 234 1545 1217 2550">
     <span class='ocr_line' id='line_1_9' title="bbox 235 1545 1216 1632; baseline 0 -22"><span class='ocrx_word' id='word_1_63' title='bbox 235 1548 413 1625; x_wconf 80' lang='lat' dir='ltr'><strong>Plutarchus</strong></span> <span class='ocrx_word' id='word_1_64' title='bbox 427 1549 608 1632; x_wconf 80' lang='lat' dir='ltr'><strong>adjectivum</strong></span> <span class='ocrx_word' id='word_1_65' title='bbox 621 1545 781 1630; x_wconf 71' lang='grc' dir='ltr'><strong>διδασροςς</strong></span> <span class='ocrx_word' id='word_1_66' title='bbox 801 1547 971 1608; x_wconf 86' lang='lat' dir='ltr'><strong>conseratur</strong></span> <span class='ocrx_word' id='word_1_67' title='bbox 981 1547 1063 1608; x_wconf 89' lang='lat' dir='ltr'><strong>Arat.</strong></span> <span class='ocrx_word' id='word_1_68' title='bbox 1073 1549 1144 1632; x_wconf 87' lang='lat' dir='ltr'><strong>Cap.</strong></span> <span class='ocrx_word' id='word_1_69' title='bbox 1155 1551 1216 1610; x_wconf 86' lang='lat' dir='ltr'><strong>XV.</strong></span> 
     </span>
     <span class='ocr_line' id='line_1_10' title="bbox 235 1658 1217 1752; baseline -0.001 -22"><span class='ocrx_word' id='word_1_70' title='bbox 235 1669 292 1731; x_wconf 87' lang='lat' dir='ltr'><strong>fin.</strong></span> <span class='ocrx_word' id='word_1_71' title='bbox 330 1658 487 1752; x_wconf 77' lang='grc' dir='ltr'><strong><em>διαπδροις</em></strong></span> <span class='ocrx_word' id='word_1_72' title='bbox 505 1663 604 1750; x_wconf 77' lang='grc' dir='ltr'><strong><em>ἔρωσι.</em></strong></span> <span class='ocrx_word' id='word_1_73' title='bbox 625 1669 727 1729; x_wconf 86' lang='lat' dir='ltr'><strong>lloral.</strong></span> <span class='ocrx_word' id='word_1_74' title='bbox 750 1668 819 1748; x_wconf 84' lang='lat' dir='ltr'><strong>Pag.</strong></span> <span class='ocrx_word' id='word_1_75' title='bbox 837 1667 915 1738; x_wconf 80' lang='lat'><strong>406,</strong></span> <span class='ocrx_word' id='word_1_76' title='bbox 932 1666 972 1726; x_wconf 89' lang='lat' dir='ltr'><strong>A.</strong></span> <span class='ocrx_word' id='word_1_77' title='bbox 988 1659 1129 1749; x_wconf 75' lang='grc' dir='ltr'><strong>διάπυροι</strong></span> <span class='ocrx_word' id='word_1_78' title='bbox 1146 1659 1217 1749; x_wconf 72' lang='grc' dir='ltr'><em>ἔρω-</em></span> 
     </span>
     <span class='ocr_line' id='line_1_11' title="bbox 234 1776 1216 1868; baseline -0.003 -19"><span class='ocrx_word' id='word_1_79' title='bbox 234 1805 290 1858; x_wconf 72' lang='grc' dir='ltr'><strong><em>τες.</em></strong></span> <span class='ocrx_word' id='word_1_80' title='bbox 316 1785 533 1868; x_wconf 69' lang='lat' dir='ltr'><strong>corrigendum</strong></span> <span class='ocrx_word' id='word_1_81' title='bbox 547 1785 664 1845; x_wconf 76' lang='lat' dir='ltr'><strong>videtur</strong></span> <span class='ocrx_word' id='word_1_82' title='bbox 675 1783 738 1846; x_wconf 75' lang='lat' dir='ltr'><strong>wir</strong></span> <span class='ocrx_word' id='word_1_83' title='bbox 750 1778 963 1862; x_wconf 77' lang='grc' dir='ltr'><strong><em>ἒμμανδστατα</em></strong></span> <span class='ocrx_word' id='word_1_84' title='bbox 975 1776 1121 1867; x_wconf 69' lang='grc' dir='ltr'><strong>ἐρώντων,</strong></span> <span class='ocrx_word' id='word_1_85' title='bbox 1134 1787 1216 1868; x_wconf 87' lang='lat' dir='ltr'><strong>quod</strong></span> 
     </span>
     <span class='ocr_line' id='line_1_12' title="bbox 235 1901 1217 1986; baseline 0 -23"><span class='ocrx_word' id='word_1_86' title='bbox 235 1923 336 1964; x_wconf 88' lang='lat' dir='ltr'><strong>sensus</strong></span> <span class='ocrx_word' id='word_1_87' title='bbox 356 1901 499 1986; x_wconf 89' lang='lat' dir='ltr'><strong>postulat.</strong></span> <span class='ocrx_word' id='word_1_88' title='bbox 537 1901 691 1962; x_wconf 82' lang='lat' dir='ltr'><strong>Plutarchi</strong></span> <span class='ocrx_word' id='word_1_89' title='bbox 714 1903 797 1961; x_wconf 89' lang='lat' dir='ltr'><strong>enim</strong></span> <span class='ocrx_word' id='word_1_90' title='bbox 824 1902 927 1962; x_wconf 89' lang='lat' dir='ltr'><strong>animo</strong></span> <span class='ocrx_word' id='word_1_91' title='bbox 952 1901 1121 1963; x_wconf 80' lang='lat' dir='ltr'><strong>obversatus</strong></span> <span class='ocrx_word' id='word_1_92' title='bbox 1137 1903 1217 1964; x_wconf 80' lang='lat' dir='ltr'><strong>vide·</strong></span> 
     </span>
     <span class='ocr_line' id='line_1_13' title="bbox 235 2017 1196 2100; baseline 0 -21"><span class='ocrx_word' id='word_1_93' title='bbox 235 2031 285 2079; x_wconf 92' lang='lat' dir='ltr'><strong>tur</strong></span> <span class='ocrx_word' id='word_1_94' title='bbox 298 2039 357 2080; x_wconf 86' lang='lat' dir='ltr'><strong>esse</strong></span> <span class='ocrx_word' id='word_1_95' title='bbox 370 2019 455 2079; x_wconf 90' lang='lat' dir='ltr'><strong>locus</strong></span> <span class='ocrx_word' id='word_1_96' title='bbox 468 2023 631 2089; x_wconf 79' lang='lat' dir='ltr'><strong><em>Menandri,</em></strong></span> <span class='ocrx_word' id='word_1_97' title='bbox 645 2019 698 2100; x_wconf 90' lang='lat' dir='ltr'><strong>qui</strong></span> <span class='ocrx_word' id='word_1_98' title='bbox 713 2019 756 2078; x_wconf 92' lang='lat' dir='ltr'><strong>sic</strong></span> <span class='ocrx_word' id='word_1_99' title='bbox 768 2018 878 2098; x_wconf 84' lang='lat' dir='ltr'><strong>legitur</strong></span> <span class='ocrx_word' id='word_1_100' title='bbox 891 2017 1067 2100; x_wconf 82' lang='lat' dir='ltr'><strong>Morachg.</strong></span> <span class='ocrx_word' id='word_1_101' title='bbox 1077 2019 1148 2090; x_wconf 79' lang='lat'><strong>525,</strong></span> <span class='ocrx_word' id='word_1_102' title='bbox 1161 2017 1196 2079; x_wconf 92' lang='lat' dir='ltr'><strong>A.</strong></span> 
     </span>
     <span class='ocr_line' id='line_1_14' title="bbox 317 2125 1151 2218; baseline 0 -22"><span class='ocrx_word' id='word_1_103' title='bbox 317 2129 405 2218; x_wconf 78' lang='grc' dir='ltr'><strong>ΠαρΙ</strong></span> <span class='ocrx_word' id='word_1_104' title='bbox 423 2132 505 2214; x_wconf 72' lang='grc' dir='ltr'><strong>ἐμοὶ</strong></span> <span class='ocrx_word' id='word_1_105' title='bbox 522 2125 589 2217; x_wconf 71' lang='grc' dir='ltr'><strong>γάρ</strong></span> <span class='ocrx_word' id='word_1_106' title='bbox 609 2133 708 2197; x_wconf 75' lang='grc' dir='ltr'><strong><em>ἔστιν</em></strong></span> <span class='ocrx_word' id='word_1_107' title='bbox 725 2129 848 2208; x_wconf 80' lang='grc' dir='ltr'><strong>ἔνδον,</strong></span> <span class='ocrx_word' id='word_1_108' title='bbox 869 2130 1011 2209; x_wconf 78' lang='grc' dir='ltr'><strong><em>ἔξεστιν</em></strong></span> <span class='ocrx_word' id='word_1_109' title='bbox 1031 2129 1072 2196; x_wconf 73' lang='grc' dir='ltr'><strong>δέ</strong></span> <span class='ocrx_word' id='word_1_110' title='bbox 1088 2156 1151 2214; x_wconf 84' lang='grc' dir='ltr'><strong>μοι</strong></span> 
     </span>
     <span class='ocr_line' id='line_1_15' title="bbox 315 2247 932 2333; baseline 0 -19"><span class='ocrx_word' id='word_1_111' title='bbox 315 2249 390 2316; x_wconf 81' lang='grc' dir='ltr'><strong><em>Καὶ</em></strong></span> <span class='ocrx_word' id='word_1_112' title='bbox 407 2249 589 2333; x_wconf 73' lang='grc' dir='ltr'><strong>βούλομαι</strong></span> <span class='ocrx_word' id='word_1_113' title='bbox 608 2247 705 2316; x_wconf 79' lang='grc' dir='ltr'><strong><em>τοῦτ’</em></strong></span> <span class='ocrx_word' id='word_1_114' title='bbox 718 2297 932 2313; x_wconf 89' lang='grc'><strong>...........</strong></span> 
     </span>
     <span class='ocr_line' id='line_1_16' title="bbox 235 2359 741 2454; baseline -0.004 -21"><span class='ocrx_word' id='word_1_115' title='bbox 235 2366 277 2443; x_wconf 64' lang='grc' dir='ltr'><strong>οἷς</strong></span> <span class='ocrx_word' id='word_1_116' title='bbox 294 2359 334 2431; x_wconf 75' lang='lat' dir='ltr'><strong>e&#39;iv</strong></span> <span class='ocrx_word' id='word_1_117' title='bbox 350 2363 563 2448; x_wconf 75' lang='grc' dir='ltr'><strong><em>ἐμμανέστατα</em></strong></span> <span class='ocrx_word' id='word_1_118' title='bbox 585 2369 663 2454; x_wconf 66' lang='lat' dir='ltr'><strong>lueis</strong></span> <span class='ocrx_word' id='word_1_119' title='bbox 682 2391 726 2444; x_wconf 82' lang='grc' dir='ltr'><strong>τις</strong></span> <span class='ocrx_word' id='word_1_120' title='bbox 730 2416 741 2446; x_wconf 86' lang='grc'><strong><em>,</em></strong></span> 
     </span>
     <span class='ocr_line' id='line_1_17' title="bbox 325 2481 1050 2550; baseline 0.004 -3"><span class='ocrx_word' id='word_1_121' title='bbox 325 2531 580 2548; x_wconf 90' lang='grc'><strong>.............</strong></span> <span class='ocrx_word' id='word_1_122' title='bbox 607 2481 1050 2550; x_wconf 79' lang='grc' dir='ltr'><strong><em>οδποιῶδέ..........,</em></strong></span> 
     </span>
    </p>
   </div>
   <div class='ocr_carea' id='block_1_5' title="bbox 237 2593 1217 2690">
    <p class='ocr_par' dir='ltr' id='par_1_5' title="bbox 237 2593 1217 2690">
     <span class='ocr_line' id='line_1_18' title="bbox 237 2593 1217 2690; baseline 0.007 -28"><span class='ocrx_word' id='word_1_123' title='bbox 237 2613 272 2662; x_wconf 89' lang='lat' dir='ltr'><strong>ut</strong></span> <span class='ocrx_word' id='word_1_124' title='bbox 291 2603 313 2661; x_wconf 86' lang='lat' dir='ltr'><strong>si</strong></span> <span class='ocrx_word' id='word_1_125' title='bbox 337 2601 513 2664; x_wconf 81' lang='lat' dir='ltr'><strong>Plutarchus</strong></span> <span class='ocrx_word' id='word_1_126' title='bbox 534 2597 576 2675; x_wconf 74' lang='grc' dir='ltr'><strong>αἱς</strong></span> <span class='ocrx_word' id='word_1_127' title='bbox 594 2593 634 2664; x_wconf 73' lang='lat' dir='ltr'><strong>dv</strong></span> <span class='ocrx_word' id='word_1_128' title='bbox 652 2601 866 2682; x_wconf 71' lang='grc' dir='ltr'><strong><em>ἐμμανέστατα</em></strong></span> <span class='ocrx_word' id='word_1_129' title='bbox 882 2602 961 2687; x_wconf 75' lang='grc' dir='ltr'><strong>ἐρῶν</strong></span> <span class='ocrx_word' id='word_1_130' title='bbox 972 2607 1217 2690; x_wconf 67' lang='lat' dir='ltr'><strong>reginterjecerit.</strong></span> 
     </span>
    </p>
   </div>
   <div class='ocr_carea' id='block_1_6' title="bbox 235 2720 1220 4208">
    <p class='ocr_par' dir='ltr' id='par_1_6' title="bbox 235 2720 1220 4208">
     <span class='ocr_line' id='line_1_19' title="bbox 236 2720 1218 2804; baseline 0.003 -25"><span class='ocrx_word' id='word_1_131' title='bbox 236 2720 400 2781; x_wconf 88' lang='lat' dir='ltr'><strong>llenandro</strong></span> <span class='ocrx_word' id='word_1_132' title='bbox 421 2732 520 2782; x_wconf 88' lang='lat' dir='ltr'><strong>autem</strong></span> <span class='ocrx_word' id='word_1_133' title='bbox 540 2732 660 2802; x_wconf 83' lang='lat' dir='ltr'><strong>gratum</strong></span> <span class='ocrx_word' id='word_1_134' title='bbox 681 2721 853 2793; x_wconf 83' lang='lat' dir='ltr'><strong>fecerimus,</strong></span> <span class='ocrx_word' id='word_1_135' title='bbox 875 2723 918 2792; x_wconf 88' lang='lat' dir='ltr'><strong>si,</strong></span> <span class='ocrx_word' id='word_1_136' title='bbox 949 2723 1032 2804; x_wconf 90' lang='lat' dir='ltr'><strong>quod</strong></span> <span class='ocrx_word' id='word_1_137' title='bbox 1049 2725 1076 2782; x_wconf 89' lang='lat' dir='ltr'><strong>ei</strong></span> <span class='ocrx_word' id='word_1_138' title='bbox 1094 2723 1218 2784; x_wconf 86' lang='lat' dir='ltr'><strong>debetur</strong></span> 
     </span>
     <span class='ocr_line' id='line_1_20' title="bbox 235 2837 1215 2928; baseline 0.001 -31"><span class='ocrx_word' id='word_1_139' title='bbox 235 2837 463 2900; x_wconf 89' lang='lat' dir='ltr'><strong>reddiderimus.</strong></span> <span class='ocrx_word' id='word_1_140' title='bbox 493 2840 597 2900; x_wconf 84' lang='lat' dir='ltr'><strong>Versus</strong></span> <span class='ocrx_word' id='word_1_141' title='bbox 614 2840 709 2921; x_wconf 80' lang='lat' dir='ltr'><strong>igitur</strong></span> <span class='ocrx_word' id='word_1_142' title='bbox 724 2841 766 2898; x_wconf 92' lang='lat' dir='ltr'><strong>ita</strong></span> <span class='ocrx_word' id='word_1_143' title='bbox 786 2839 820 2899; x_wconf 92' lang='lat' dir='ltr'><strong>in</strong></span> <span class='ocrx_word' id='word_1_144' title='bbox 835 2840 988 2920; x_wconf 83' lang='lat' dir='ltr'><strong>integrum</strong></span> <span class='ocrx_word' id='word_1_145' title='bbox 1004 2839 1215 2928; x_wconf 81' lang='lat' dir='ltr'><strong>restituantur:</strong></span> 
     </span>
     <span class='ocr_line' id='line_1_21' title="bbox 311 2947 1150 3037; baseline 0.004 -22"><span class='ocrx_word' id='word_1_146' title='bbox 311 2951 404 3036; x_wconf 81' lang='grc' dir='ltr'><strong><em>Παρ’</em></strong></span> <span class='ocrx_word' id='word_1_147' title='bbox 422 2952 503 3033; x_wconf 79' lang='grc' dir='ltr'><strong>ἐμοὶ</strong></span> <span class='ocrx_word' id='word_1_148' title='bbox 522 2957 586 3037; x_wconf 77' lang='grc' dir='ltr'><strong>γάρ</strong></span> <span class='ocrx_word' id='word_1_149' title='bbox 606 2952 704 3017; x_wconf 75' lang='grc' dir='ltr'><strong><em>ἐστιν</em></strong></span> <span class='ocrx_word' id='word_1_150' title='bbox 723 2947 842 3030; x_wconf 72' lang='grc' dir='ltr'><strong>ἔνδον,</strong></span> <span class='ocrx_word' id='word_1_151' title='bbox 863 2948 1001 3028; x_wconf 77' lang='grc' dir='ltr'><strong><em>ἔξεστιν</em></strong></span> <span class='ocrx_word' id='word_1_152' title='bbox 1020 2949 1063 3016; x_wconf 78' lang='grc' dir='ltr'><strong>δέ</strong></span> <span class='ocrx_word' id='word_1_153' title='bbox 1079 2977 1150 3036; x_wconf 86' lang='grc' dir='ltr'><strong>μοι·</strong></span> 
     </span>
     <span class='ocr_line' id='line_1_22' title="bbox 311 3067 1110 3153; baseline 0.005 -21"><span class='ocrx_word' id='word_1_154' title='bbox 311 3070 389 3133; x_wconf 77' lang='grc' dir='ltr'><strong><em>Καὶ</em></strong></span> <span class='ocrx_word' id='word_1_155' title='bbox 406 3073 588 3152; x_wconf 77' lang='grc' dir='ltr'><strong>βούλομαι</strong></span> <span class='ocrx_word' id='word_1_156' title='bbox 607 3068 711 3136; x_wconf 76' lang='grc' dir='ltr'><strong><em>τοῦδ’</em></strong></span> <span class='ocrx_word' id='word_1_157' title='bbox 729 3068 776 3145; x_wconf 72' lang='grc' dir='ltr'><strong>οἷς</strong></span> <span class='ocrx_word' id='word_1_158' title='bbox 795 3078 836 3135; x_wconf 76' lang='grc' dir='ltr'><strong>ἂν</strong></span> <span class='ocrx_word' id='word_1_159' title='bbox 856 3067 1110 3153; x_wconf 72' lang='grc' dir='ltr'><strong><em>ἐμμανέστατα</em></strong></span> 
     </span>
     <span class='ocr_line' id='line_1_23' title="bbox 316 3185 1003 3274; baseline 0 -21"><span class='ocrx_word' id='word_1_160' title='bbox 316 3185 431 3274; x_wconf 67' lang='lat' dir='ltr'><strong>&#39;Euris</strong></span> <span class='ocrx_word' id='word_1_161' title='bbox 449 3213 518 3266; x_wconf 81' lang='grc' dir='ltr'><strong>τις,</strong></span> <span class='ocrx_word' id='word_1_162' title='bbox 539 3187 581 3254; x_wconf 80' lang='grc' dir='ltr'><strong>οδ</strong></span> <span class='ocrx_word' id='word_1_163' title='bbox 602 3192 704 3254; x_wconf 62' lang='grc' dir='ltr'><strong><em>ποιῶ*</em></strong></span> <span class='ocrx_word' id='word_1_164' title='bbox 719 3188 760 3252; x_wconf 82' lang='grc' dir='ltr'><strong>δὲ</strong></span> <span class='ocrx_word' id='word_1_165' title='bbox 767 3237 1003 3252; x_wconf 89' lang='grc'><strong>............</strong></span> 
     </span>
     <span class='ocr_line' id='line_1_24' title="bbox 237 3306 1217 3370; baseline 0.002 -3"><span class='ocrx_word' id='word_1_166' title='bbox 237 3306 314 3368; x_wconf 92' lang='lat' dir='ltr'><strong>Inde</strong></span> <span class='ocrx_word' id='word_1_167' title='bbox 342 3308 432 3368; x_wconf 90' lang='lat' dir='ltr'><strong>etiam</strong></span> <span class='ocrx_word' id='word_1_168' title='bbox 458 3309 649 3370; x_wconf 85' lang='lat' dir='ltr'><strong>emendemus</strong></span> <span class='ocrx_word' id='word_1_169' title='bbox 682 3310 778 3370; x_wconf 89' lang='lat' dir='ltr'><strong>alium</strong></span> <span class='ocrx_word' id='word_1_170' title='bbox 806 3307 960 3370; x_wconf 86' lang='lat' dir='ltr'><strong>Plutarchi</strong></span> <span class='ocrx_word' id='word_1_171' title='bbox 988 3309 1090 3368; x_wconf 90' lang='lat' dir='ltr'><strong>locum</strong></span> <span class='ocrx_word' id='word_1_172' title='bbox 1117 3309 1217 3369; x_wconf 90' lang='lat' dir='ltr'><strong>lloral.</strong></span> 
     </span>
     <span class='ocr_line' id='line_1_25' title="bbox 237 3416 1219 3508; baseline 0.002 -24"><span class='ocrx_word' id='word_1_173' title='bbox 237 3425 308 3506; x_wconf 83' lang='lat' dir='ltr'><strong>Pag.</strong></span> <span class='ocrx_word' id='word_1_174' title='bbox 318 3423 388 3495; x_wconf 82' lang='lat'><strong>745,</strong></span> <span class='ocrx_word' id='word_1_175' title='bbox 405 3425 436 3487; x_wconf 86' lang='lat' dir='ltr'><strong>P.</strong></span> <span class='ocrx_word' id='word_1_176' title='bbox 466 3419 488 3507; x_wconf 78' lang='grc' dir='ltr'><em>ἡ</em></span> <span class='ocrx_word' id='word_1_177' title='bbox 508 3419 543 3486; x_wconf 76' lang='grc' dir='ltr'><strong>δὲ</strong></span> <span class='ocrx_word' id='word_1_178' title='bbox 560 3421 599 3487; x_wconf 83' lang='grc' dir='ltr'><strong>δι’</strong></span> <span class='ocrx_word' id='word_1_179' title='bbox 616 3419 743 3508; x_wconf 69' lang='grc' dir='ltr'><strong><em>εὐφυΐαν</em></strong></span> <span class='ocrx_word' id='word_1_180' title='bbox 760 3417 939 3488; x_wconf 71' lang='grc' dir='ltr'><strong><em>αἰσθάνεται</em></strong></span> <span class='ocrx_word' id='word_1_181' title='bbox 959 3421 1010 3486; x_wconf 79' lang='grc' dir='ltr'><strong><em>καὶ</em></strong></span> <span class='ocrx_word' id='word_1_182' title='bbox 1026 3416 1219 3508; x_wconf 71' lang='grc' dir='ltr'><strong>μνημονεύει,</strong></span> 
     </span>
     <span class='ocr_line' id='line_1_26' title="bbox 237 3533 1220 3623; baseline 0.002 -21"><span class='ocrx_word' id='word_1_183' title='bbox 237 3538 287 3602; x_wconf 72' lang='grc' dir='ltr'><strong><em>καὶ</em></strong></span> <span class='ocrx_word' id='word_1_184' title='bbox 310 3539 373 3604; x_wconf 79' lang='grc' dir='ltr'><strong>τῶν</strong></span> <span class='ocrx_word' id='word_1_185' title='bbox 396 3537 633 3621; x_wconf 77' lang='grc' dir='ltr'><strong><em>ἐμμανεστάτων</em></strong></span> <span class='ocrx_word' id='word_1_186' title='bbox 656 3533 778 3623; x_wconf 77' lang='grc' dir='ltr'><strong>ἔροδτων</strong></span> <span class='ocrx_word' id='word_1_187' title='bbox 803 3536 893 3604; x_wconf 81' lang='grc' dir='ltr'><strong>ον’δὲν</strong></span> <span class='ocrx_word' id='word_1_188' title='bbox 923 3538 1034 3605; x_wconf 78' lang='grc' dir='ltr'><strong><em>οἶτοδεῖ</em></strong></span> <span class='ocrx_word' id='word_1_189' title='bbox 1054 3535 1091 3605; x_wconf 88' lang='grc' dir='ltr'><strong>τδ</strong></span> <span class='ocrx_word' id='word_1_190' title='bbox 1116 3535 1220 3616; x_wconf 73' lang='grc' dir='ltr'><strong><em>πάθος</em></strong></span> 
     </span>
     <span class='ocr_line' id='line_1_27' title="bbox 237 3651 1220 3742; baseline 0.003 -24"><span class='ocrx_word' id='word_1_191' title='bbox 237 3651 347 3740; x_wconf 69' lang='grc' dir='ltr'><strong><em>αὐτῆς,</em></strong></span> <span class='ocrx_word' id='word_1_192' title='bbox 373 3651 554 3742; x_wconf 55' lang='grc' dir='ltr'><strong>γλιχομένης</strong></span> <span class='ocrx_word' id='word_1_193' title='bbox 572 3656 624 3720; x_wconf 78' lang='grc' dir='ltr'><strong><em>καὶ</em></strong></span> <span class='ocrx_word' id='word_1_194' title='bbox 645 3653 805 3741; x_wconf 72' lang='grc' dir='ltr'><strong>ποθούσης</strong></span> <span class='ocrx_word' id='word_1_195' title='bbox 823 3656 965 3723; x_wconf 72' lang='lat' dir='ltr'><strong>laicales</strong></span> <span class='ocrx_word' id='word_1_196' title='bbox 986 3654 1032 3741; x_wconf 77' lang='grc' dir='ltr'><em>μή</em></span> <span class='ocrx_word' id='word_1_197' title='bbox 1051 3655 1220 3741; x_wconf 70' lang='grc' dir='ltr'><strong><em>δυναμένης</em></strong></span> 
     </span>
     <span class='ocr_line' id='line_1_28' title="bbox 236 3767 664 3856; baseline 0 -20"><span class='ocrx_word' id='word_1_198' title='bbox 236 3767 348 3856; x_wconf 76' lang='grc' dir='ltr'><strong><em>ἓαντὴν</em></strong></span> <span class='ocrx_word' id='word_1_199' title='bbox 362 3769 425 3837; x_wconf 75' lang='lat' dir='ltr'><strong>sind</strong></span> <span class='ocrx_word' id='word_1_200' title='bbox 441 3776 498 3837; x_wconf 79' lang='grc' dir='ltr'><strong>τοῦ</strong></span> <span class='ocrx_word' id='word_1_201' title='bbox 515 3779 664 3853; x_wconf 67' lang='grc' dir='ltr'><strong><em>σώματος.</em></strong></span> 
     </span>
     <span class='ocr_line' id='line_1_29' title="bbox 277 3882 1219 3973; baseline 0.002 -23"><span class='ocrx_word' id='word_1_202' title='bbox 277 3891 404 3973; x_wconf 85' lang='lat' dir='ltr'><strong>Legatur</strong></span> <span class='ocrx_word' id='word_1_203' title='bbox 423 3903 453 3952; x_wconf 92' lang='lat' dir='ltr'><strong>et</strong></span> <span class='ocrx_word' id='word_1_204' title='bbox 472 3890 525 3952; x_wconf 93' lang='lat' dir='ltr'><strong>hic</strong></span> <span class='ocrx_word' id='word_1_205' title='bbox 540 3891 603 3953; x_wconf 80' lang='grc' dir='ltr'><strong>τῶν</strong></span> <span class='ocrx_word' id='word_1_206' title='bbox 615 3885 829 3970; x_wconf 68' lang='grc' dir='ltr'><strong><em>ἐμμανέστατα</em></strong></span> <span class='ocrx_word' id='word_1_207' title='bbox 841 3882 986 3973; x_wconf 71' lang='grc' dir='ltr'><strong><em>ἐρώντων.</em></strong></span> <span class='ocrx_word' id='word_1_208' title='bbox 1001 3925 1038 3936; x_wconf 95' lang='grc'>-</span> <span class='ocrx_word' id='word_1_209' title='bbox 1053 3890 1108 3952; x_wconf 88' lang='lat' dir='ltr'><strong>Sed</strong></span> <span class='ocrx_word' id='word_1_210' title='bbox 1121 3891 1219 3953; x_wconf 90' lang='lat' dir='ltr'><strong>hacte-</strong></span> 
     </span>
     <span class='ocr_line' id='line_1_30' title="bbox 237 4007 1219 4091; baseline 0.005 -26"><span class='ocrx_word' id='word_1_211' title='bbox 237 4027 295 4066; x_wconf 89' lang='lat' dir='ltr'><strong>nus</strong></span> <span class='ocrx_word' id='word_1_212' title='bbox 322 4009 439 4088; x_wconf 82' lang='lat' dir='ltr'><strong>evagari</strong></span> <span class='ocrx_word' id='word_1_213' title='bbox 467 4009 543 4069; x_wconf 79' lang='lat' dir='ltr'><strong>satis</strong></span> <span class='ocrx_word' id='word_1_214' title='bbox 562 4008 661 4070; x_wconf 87' lang='lat' dir='ltr'><strong>suerit.</strong></span> <span class='ocrx_word' id='word_1_215' title='bbox 710 4009 901 4091; x_wconf 73' lang='lat' dir='ltr'><strong>corrigamus</strong></span> <span class='ocrx_word' id='word_1_216' title='bbox 926 4029 1003 4090; x_wconf 88' lang='lat' dir='ltr'><strong>quae</strong></span> <span class='ocrx_word' id='word_1_217' title='bbox 1029 4019 1141 4070; x_wconf 80' lang='lat' dir='ltr'><strong>restant</strong></span> <span class='ocrx_word' id='word_1_218' title='bbox 1161 4007 1219 4070; x_wconf 90' lang='lat' dir='ltr'><strong>hoc</strong></span> 
     </span>
     <span class='ocr_line' id='line_1_31' title="bbox 237 4121 1218 4208; baseline 0.002 -26"><span class='ocrx_word' id='word_1_219' title='bbox 237 4123 313 4185; x_wconf 89' lang='lat' dir='ltr'><strong>loco.</strong></span> <span class='ocrx_word' id='word_1_220' title='bbox 351 4125 549 4186; x_wconf 79' lang='lat' dir='ltr'><strong>Attendamus</strong></span> <span class='ocrx_word' id='word_1_221' title='bbox 575 4127 613 4188; x_wconf 84' lang='lat' dir='ltr'><strong>ad</strong></span> <span class='ocrx_word' id='word_1_222' title='bbox 647 4126 771 4188; x_wconf 87' lang='lat' dir='ltr'><strong>verbum</strong></span> <span class='ocrx_word' id='word_1_223' title='bbox 801 4121 945 4200; x_wconf 76' lang='grc' dir='ltr'><strong><em>α’πέλντε,</em></strong></span> <span class='ocrx_word' id='word_1_224' title='bbox 978 4123 1061 4208; x_wconf 91' lang='lat' dir='ltr'><strong>quod</strong></span> <span class='ocrx_word' id='word_1_225' title='bbox 1088 4125 1218 4186; x_wconf 88' lang='lat' dir='ltr'><strong>Sintenis</strong></span> 
     </span>
    </p>
   </div>
   <div class='ocr_carea' id='block_1_7' title="bbox 0 0 1519 5080">
    <p class='ocr_par' dir='ltr' id='par_1_7' title="bbox 0 0 1519 5080">
     <span class='ocr_line' id='line_1_32' title="bbox 0 0 1519 5080; baseline 0 0"><span class='ocrx_word' id='word_1_226' title='bbox 0 0 1519 5080; x_wconf 95' lang='lat' dir='ltr'><strong> </strong></span> 
     </span>
    </p>
   </div>
  </div>
 </body>
</html>
