<?xml version="1.0" encoding="UTF-8"?>
<!DOCTYPE html PUBLIC "-//W3C//DTD XHTML 1.0 Transitional//EN"
    "http://www.w3.org/TR/xhtml1/DTD/xhtml1-transitional.dtd">
<html xmlns="http://www.w3.org/1999/xhtml" xml:lang="en" lang="en">
 <head>
  <title>
</title>
<meta http-equiv="Content-Type" content="text/html;charset=utf-8" />
  <meta name='ocr-system' content='tesseract 3.04.00' />
  <meta name='ocr-capabilities' content='ocr_page ocr_carea ocr_par ocr_line ocrx_word'/>
</head>
<body>
  <div class='ocr_page' id='page_1' title='image "./specimenlittara00zeitgoog_0054.png"; bbox 0 0 3022 5080; ppageno 0'>
   <div class='ocr_carea' id='block_1_1' title="bbox 620 541 789 602">
    <p class='ocr_par' dir='ltr' id='par_1_1' title="bbox 620 541 789 602">
     <span class='ocr_line' id='line_1_1' title="bbox 620 541 789 602; baseline 0.018 -17"><span class='ocrx_word' id='word_1_1' title='bbox 620 541 789 602; x_wconf 69' lang='grc'>..43-</span> 
     </span>
    </p>
   </div>
   <div class='ocr_carea' id='block_1_2' title="bbox 206 715 1194 1400">
    <p class='ocr_par' dir='ltr' id='par_1_2' title="bbox 207 715 1194 922">
     <span class='ocr_line' id='line_1_2' title="bbox 208 715 1194 806; baseline 0.004 -22"><span class='ocrx_word' id='word_1_2' title='bbox 208 719 341 805; x_wconf 80' lang='grc' dir='ltr'><strong><em>περιδείς</em></strong></span> <span class='ocrx_word' id='word_1_3' title='bbox 365 717 536 802; x_wconf 72' lang='grc' dir='ltr'><em>ὑποζυγίοις</em></span> <span class='ocrx_word' id='word_1_4' title='bbox 561 715 651 803; x_wconf 81' lang='grc' dir='ltr'><strong><em>σνιιίη</em></strong></span> <span class='ocrx_word' id='word_1_5' title='bbox 674 717 740 784; x_wconf 76' lang='grc' dir='ltr'><strong><em>τινα</em></strong></span> <span class='ocrx_word' id='word_1_6' title='bbox 761 720 995 806; x_wconf 75' lang='grc' dir='ltr'><strong>παρημελημένα</strong></span> <span class='ocrx_word' id='word_1_7' title='bbox 1021 723 1194 804; x_wconf 79' lang='grc' dir='ltr'><strong><em>κομίζουσιν</em></strong></span> 
     </span>
     <span class='ocr_line' id='line_1_3' title="bbox 207 821 578 922; baseline 0.003 -23"><span class='ocrx_word' id='word_1_8' title='bbox 207 837 249 912; x_wconf 82' lang='grc' dir='ltr'><strong>εἰς</strong></span> <span class='ocrx_word' id='word_1_9' title='bbox 262 841 376 922; x_wconf 77' lang='grc' dir='ltr'><strong><em>Ἀργος</em></strong></span> <span class='ocrx_word' id='word_1_10' title='bbox 394 833 555 900; x_wconf 78' lang='grc' dir='ltr'><strong><em>α’πίστειλι.</em></strong></span> <span class='ocrx_word' id='word_1_11' title='bbox 576 821 578 828; x_wconf 34' lang='lat'><strong>⁴</strong></span> 
     </span>
    </p>

    <p class='ocr_par' dir='ltr' id='par_1_3' title="bbox 206 941 1192 1400">
     <span class='ocr_line' id='line_1_4' title="bbox 248 941 1192 1046; baseline 0.006 -28"><span class='ocrx_word' id='word_1_12' title='bbox 248 955 381 1038; x_wconf 75' lang='grc' dir='ltr'><strong><em>περιθείς</em></strong></span> <span class='ocrx_word' id='word_1_13' title='bbox 399 957 543 1018; x_wconf 82' lang='lat' dir='ltr'><strong>exhibent</strong></span> <span class='ocrx_word' id='word_1_14' title='bbox 565 958 683 1018; x_wconf 85' lang='lat' dir='ltr'><strong>Codices</strong></span> <span class='ocrx_word' id='word_1_15' title='bbox 705 959 737 1020; x_wconf 82' lang='grc' dir='ltr'><strong>Ρ.</strong></span> <span class='ocrx_word' id='word_1_16' title='bbox 755 941 795 1020; x_wconf 72' lang='lat' dir='ltr'><strong>I.</strong></span> <span class='ocrx_word' id='word_1_17' title='bbox 819 960 850 1020; x_wconf 88' lang='lat' dir='ltr'><strong>B.</strong></span> <span class='ocrx_word' id='word_1_18' title='bbox 872 961 906 1020; x_wconf 82' lang='grc' dir='ltr'><strong>Β.</strong></span> <span class='ocrx_word' id='word_1_19' title='bbox 928 962 958 1020; x_wconf 83' lang='lat' dir='ltr'><strong>C.</strong></span> <span class='ocrx_word' id='word_1_20' title='bbox 983 963 1027 1034; x_wconf 86' lang='lat'><strong>1.,</strong></span> <span class='ocrx_word' id='word_1_21' title='bbox 1055 985 1192 1046; x_wconf 88' lang='lat' dir='ltr'><strong>proquo</strong></span> 
     </span>
     <span class='ocr_line' id='line_1_5' title="bbox 207 1075 1192 1160; baseline 0.006 -25"><span class='ocrx_word' id='word_1_22' title='bbox 207 1075 287 1136; x_wconf 82' lang='lat' dir='ltr'><strong>vcrh.</strong></span> <span class='ocrx_word' id='word_1_23' title='bbox 306 1076 443 1136; x_wconf 84' lang='lat' dir='ltr'><strong>Reiskius</strong></span> <span class='ocrx_word' id='word_1_24' title='bbox 456 1087 485 1136; x_wconf 87' lang='lat' dir='ltr'><strong>et</strong></span> <span class='ocrx_word' id='word_1_25' title='bbox 499 1075 685 1147; x_wconf 82' lang='lat' dir='ltr'><strong>Schaeserus,</strong></span> <span class='ocrx_word' id='word_1_26' title='bbox 707 1088 826 1136; x_wconf 83' lang='lat' dir='ltr'><strong>auctore</strong></span> <span class='ocrx_word' id='word_1_27' title='bbox 840 1078 979 1160; x_wconf 80' lang='lat' dir='ltr'><strong>Bryono,</strong></span> <span class='ocrx_word' id='word_1_28' title='bbox 1000 1081 1102 1140; x_wconf 87' lang='lat' dir='ltr'><strong>minus</strong></span> <span class='ocrx_word' id='word_1_29' title='bbox 1115 1093 1192 1150; x_wconf 80' lang='lat' dir='ltr'><strong>recte</strong></span> 
     </span>
     <span class='ocr_line' id='line_1_6' title="bbox 206 1185 1191 1276; baseline 0.005 -22"><span class='ocrx_word' id='word_1_30' title='bbox 206 1193 354 1262; x_wconf 85' lang='lat' dir='ltr'><strong>dederunt</strong></span> <span class='ocrx_word' id='word_1_31' title='bbox 375 1189 500 1265; x_wconf 76' lang='grc' dir='ltr'><strong><em>ἐπιθείς.</em></strong></span> <span class='ocrx_word' id='word_1_32' title='bbox 539 1193 674 1255; x_wconf 77' lang='lat' dir='ltr'><strong>Clitellae</strong></span> <span class='ocrx_word' id='word_1_33' title='bbox 698 1185 865 1276; x_wconf 77' lang='grc' dir='ltr'>(σάγματα)</span> <span class='ocrx_word' id='word_1_34' title='bbox 892 1199 974 1256; x_wconf 82' lang='lat' dir='ltr'><strong>enIm</strong></span> <span class='ocrx_word' id='word_1_35' title='bbox 1000 1197 1073 1257; x_wconf 82' lang='lat' dir='ltr'><strong>ioris</strong></span> <span class='ocrx_word' id='word_1_36' title='bbox 1095 1202 1191 1259; x_wconf 85' lang='lat' dir='ltr'><strong>ventri</strong></span> 
     </span>
     <span class='ocr_line' id='line_1_7' title="bbox 206 1310 1192 1400; baseline 0.004 -28"><span class='ocrx_word' id='word_1_37' title='bbox 206 1310 446 1392; x_wconf 80' lang='lat' dir='ltr'><strong>subligabantur.</strong></span> <span class='ocrx_word' id='word_1_38' title='bbox 489 1311 665 1371; x_wconf 75' lang='lat' dir='ltr'><strong>Consecutus</strong></span> <span class='ocrx_word' id='word_1_39' title='bbox 685 1313 874 1373; x_wconf 87' lang='lat' dir='ltr'><strong>Homericum</strong></span> <span class='ocrx_word' id='word_1_40' title='bbox 895 1313 992 1395; x_wconf 70' lang='lat' dir='ltr'><strong>(Oddc</strong></span> <span class='ocrx_word' id='word_1_41' title='bbox 1004 1315 1051 1388; x_wconf 86' lang='grc' dir='ltr'><strong>ΙΙ,</strong></span> <span class='ocrx_word' id='word_1_42' title='bbox 1074 1315 1106 1397; x_wconf 89' lang='grc'><strong>3)</strong></span> <span class='ocrx_word' id='word_1_43' title='bbox 1126 1314 1192 1400; x_wconf 78' lang='grc' dir='ltr'><strong><em>περί</em></strong></span> 
     </span>
    </p>
   </div>
   <div class='ocr_carea' id='block_1_3' title="bbox 206 1421 609 1512">
    <p class='ocr_par' dir='ltr' id='par_1_4' title="bbox 206 1421 609 1512">
     <span class='ocr_line' id='line_1_8' title="bbox 206 1421 609 1512; baseline 0 -24"><span class='ocrx_word' id='word_1_44' title='bbox 206 1423 243 1488; x_wconf 83' lang='grc' dir='ltr'><strong>δὲ</strong></span> <span class='ocrx_word' id='word_1_45' title='bbox 261 1423 347 1508; x_wconf 85' lang='grc' dir='ltr'><strong><em>ξίφος</em></strong></span> <span class='ocrx_word' id='word_1_46' title='bbox 364 1423 421 1500; x_wconf 77' lang='grc' dir='ltr'><strong><em>α’ξιί</em></strong></span> <span class='ocrx_word' id='word_1_47' title='bbox 439 1421 507 1490; x_wconf 74' lang='grc' dir='ltr'><strong>θέτ’</strong></span> <span class='ocrx_word' id='word_1_48' title='bbox 526 1431 609 1512; x_wconf 80' lang='grc' dir='ltr'><strong>ὤμῳ.</strong></span> 
     </span>
    </p>
   </div>
   <div class='ocr_carea' id='block_1_4' title="bbox 201 1629 1190 2689">
    <p class='ocr_par' dir='ltr' id='par_1_5' title="bbox 205 1629 1190 1864">
     <span class='ocr_line' id='line_1_9' title="bbox 215 1629 1190 1744; baseline 0.007 -22"><span class='ocrx_word' id='word_1_49' title='bbox 215 1629 218 1636; x_wconf 33' lang='lat'>¹</span> <span class='ocrx_word' id='word_1_50' title='bbox 246 1663 295 1723; x_wconf 84' lang='lat'><strong>25.</strong></span> <span class='ocrx_word' id='word_1_51' title='bbox 337 1653 525 1742; x_wconf 75' lang='grc' dir='ltr'><em>ἀνεχώρησεν</em></span> <span class='ocrx_word' id='word_1_52' title='bbox 549 1654 683 1744; x_wconf 76' lang='grc' dir='ltr'><strong><em>ἔγκλημα</em></strong></span> <span class='ocrx_word' id='word_1_53' title='bbox 710 1658 932 1736; x_wconf 84' lang='grc' dir='ltr'><strong><em>κατεσκευακιδς</em></strong></span> <span class='ocrx_word' id='word_1_54' title='bbox 955 1667 1017 1737; x_wconf 78' lang='grc' dir='ltr'><strong><em>τοῖς</em></strong></span> <span class='ocrx_word' id='word_1_55' title='bbox 1042 1660 1190 1744; x_wconf 79' lang='grc' dir='ltr'><strong>Ἀχαιοῖς,</strong></span> 
     </span>
     <span class='ocr_line' id='line_1_10' title="bbox 205 1771 789 1864; baseline 0 -22"><span class='ocrx_word' id='word_1_56' title='bbox 205 1775 249 1853; x_wconf 78' lang='grc' dir='ltr'><strong>ὦς’</strong></span> <span class='ocrx_word' id='word_1_57' title='bbox 266 1778 300 1842; x_wconf 80' lang='grc' dir='ltr'><strong><em>ἕν</em></strong></span> <span class='ocrx_word' id='word_1_58' title='bbox 319 1771 422 1864; x_wconf 79' lang='grc' dir='ltr'><strong><em>εἰρήνῃ</em></strong></span> <span class='ocrx_word' id='word_1_59' title='bbox 441 1773 573 1858; x_wconf 83' lang='grc' dir='ltr'><strong><em>πόλεμον</em></strong></span> <span class='ocrx_word' id='word_1_60' title='bbox 592 1772 789 1862; x_wconf 74' lang='grc' dir='ltr'><strong><em>ἐξενηνοχόσι.</em></strong></span> 
     </span>
    </p>

    <p class='ocr_par' dir='ltr' id='par_1_6' title="bbox 201 1891 1190 2689">
     <span class='ocr_line' id='line_1_11' title="bbox 245 1891 1190 1984; baseline 0.003 -27"><span class='ocrx_word' id='word_1_61' title='bbox 245 1899 288 1958; x_wconf 88' lang='lat' dir='ltr'><strong>Ne</strong></span> <span class='ocrx_word' id='word_1_62' title='bbox 311 1899 379 1981; x_wconf 91' lang='lat' dir='ltr'><strong>quis</strong></span> <span class='ocrx_word' id='word_1_63' title='bbox 399 1898 473 1958; x_wconf 85' lang='lat' dir='ltr'><strong>sorte</strong></span> <span class='ocrx_word' id='word_1_64' title='bbox 494 1897 613 1958; x_wconf 82' lang='lat' dir='ltr'><strong>dubitet</strong></span> <span class='ocrx_word' id='word_1_65' title='bbox 631 1921 672 1959; x_wconf 88' lang='lat' dir='ltr'><strong>an</strong></span> <span class='ocrx_word' id='word_1_66' title='bbox 686 1920 741 1980; x_wconf 86' lang='lat' dir='ltr'><strong>pro</strong></span> <span class='ocrx_word' id='word_1_67' title='bbox 755 1901 916 1982; x_wconf 86' lang='lat' dir='ltr'><strong>participio</strong></span> <span class='ocrx_word' id='word_1_68' title='bbox 928 1891 1114 1983; x_wconf 77' lang='grc' dir='ltr'><strong><em>ἐξενηνοχόσι</em></strong></span> <span class='ocrx_word' id='word_1_69' title='bbox 1127 1923 1190 1984; x_wconf 83' lang='lat' dir='ltr'><strong>pcr-</strong></span> 
     </span>
     <span class='ocr_line' id='line_1_12' title="bbox 203 2010 1189 2098; baseline 0 -22"><span class='ocrx_word' id='word_1_70' title='bbox 203 2015 315 2076; x_wconf 87' lang='lat' dir='ltr'><strong>Iectum</strong></span> <span class='ocrx_word' id='word_1_71' title='bbox 334 2014 497 2076; x_wconf 82' lang='lat' dir='ltr'><strong>Indicativi</strong></span> <span class='ocrx_word' id='word_1_72' title='bbox 519 2010 711 2096; x_wconf 76' lang='grc' dir='ltr'><strong><em>ἐξενηνόχασι</em></strong></span> <span class='ocrx_word' id='word_1_73' title='bbox 717 2059 727 2090; x_wconf 83' lang='grc'><strong><em>,</em></strong></span> <span class='ocrx_word' id='word_1_74' title='bbox 748 2017 830 2098; x_wconf 90' lang='lat' dir='ltr'><strong>quod</strong></span> <span class='ocrx_word' id='word_1_75' title='bbox 847 2019 881 2076; x_wconf 91' lang='lat' dir='ltr'><strong>in</strong></span> <span class='ocrx_word' id='word_1_76' title='bbox 898 2017 1016 2076; x_wconf 90' lang='lat' dir='ltr'><strong>duobus</strong></span> <span class='ocrx_word' id='word_1_77' title='bbox 1031 2015 1189 2084; x_wconf 72' lang='lat' dir='ltr'><strong>(lodicibus</strong></span> 
     </span>
     <span class='ocr_line' id='line_1_13' title="bbox 204 2133 1188 2219; baseline 0.003 -24"><span class='ocrx_word' id='word_1_78' title='bbox 204 2137 237 2196; x_wconf 86' lang='lat' dir='ltr'><strong>P.</strong></span> <span class='ocrx_word' id='word_1_79' title='bbox 257 2135 283 2196; x_wconf 93' lang='grc' dir='ltr'><strong>Ι.</strong></span> <span class='ocrx_word' id='word_1_80' title='bbox 305 2135 429 2216; x_wconf 78' lang='lat' dir='ltr'><strong>legitur,</strong></span> <span class='ocrx_word' id='word_1_81' title='bbox 450 2133 644 2194; x_wconf 87' lang='lat' dir='ltr'><strong>scribendum</strong></span> <span class='ocrx_word' id='word_1_82' title='bbox 662 2135 714 2207; x_wconf 88' lang='lat' dir='ltr'><strong>sit,</strong></span> <span class='ocrx_word' id='word_1_83' title='bbox 736 2155 889 2217; x_wconf 82' lang='lat' dir='ltr'><strong>apponam</strong></span> <span class='ocrx_word' id='word_1_84' title='bbox 914 2135 1053 2218; x_wconf 82' lang='lat' dir='ltr'><strong>exempla</strong></span> <span class='ocrx_word' id='word_1_85' title='bbox 1077 2153 1093 2195; x_wconf 86' lang='lat' dir='ltr'><strong>e</strong></span> <span class='ocrx_word' id='word_1_86' title='bbox 1118 2135 1188 2219; x_wconf 80' lang='lat' dir='ltr'><strong>Cap.</strong></span> 
     </span>
     <span class='ocr_line' id='line_1_14' title="bbox 203 2247 1190 2336; baseline 0.002 -22"><span class='ocrx_word' id='word_1_87' title='bbox 203 2255 346 2326; x_wconf 84' lang='lat' dir='ltr'>XXVIII,</span> <span class='ocrx_word' id='word_1_88' title='bbox 366 2255 436 2316; x_wconf 84' lang='lat' dir='ltr'><strong>init.</strong></span> <span class='ocrx_word' id='word_1_89' title='bbox 457 2249 557 2316; x_wconf 78' lang='grc' dir='ltr'><strong><em>αἰτίαν</em></strong></span> <span class='ocrx_word' id='word_1_90' title='bbox 579 2247 667 2333; x_wconf 75' lang='grc' dir='ltr'><strong><em>ἔσχεν</em></strong></span> <span class='ocrx_word' id='word_1_91' title='bbox 687 2250 729 2326; x_wconf 82' lang='grc' dir='ltr'><strong><em>ιδς</em></strong></span> <span class='ocrx_word' id='word_1_92' title='bbox 749 2249 955 2334; x_wconf 78' lang='grc' dir='ltr'><strong><em>ἕχκαταλιπαίν</em></strong></span> <span class='ocrx_word' id='word_1_93' title='bbox 974 2251 1026 2316; x_wconf 76' lang='grc' dir='ltr'><strong><em>τόν</em></strong></span> <span class='ocrx_word' id='word_1_94' title='bbox 1041 2249 1145 2336; x_wconf 67' lang='lat' dir='ltr'><strong>circino</strong></span> <span class='ocrx_word' id='word_1_95' title='bbox 1160 2267 1190 2316; x_wconf 86' lang='lat' dir='ltr'><strong>et</strong></span> 
     </span>
     <span class='ocr_line' id='line_1_15' title="bbox 204 2364 1188 2455; baseline 0.004 -24"><span class='ocrx_word' id='word_1_96' title='bbox 204 2372 275 2455; x_wconf 82' lang='lat' dir='ltr'><strong>Cap.</strong></span> <span class='ocrx_word' id='word_1_97' title='bbox 297 2373 409 2444; x_wconf 80' lang='lat' dir='ltr'>XXXV,</span> <span class='ocrx_word' id='word_1_98' title='bbox 429 2373 506 2432; x_wconf 84' lang='lat' dir='ltr'><strong>med.</strong></span> <span class='ocrx_word' id='word_1_99' title='bbox 542 2373 598 2434; x_wconf 82' lang='grc' dir='ltr'><strong>τοῦ</strong></span> <span class='ocrx_word' id='word_1_100' title='bbox 618 2367 675 2451; x_wconf 82' lang='grc' dir='ltr'><strong><em>μὲν</em></strong></span> <span class='ocrx_word' id='word_1_101' title='bbox 693 2364 820 2454; x_wconf 86' lang='grc' dir='ltr'><strong><em>Ἀριίτου</em></strong></span> <span class='ocrx_word' id='word_1_102' title='bbox 841 2365 995 2454; x_wconf 84' lang='grc' dir='ltr'><strong><em>κατηγόρει</em></strong></span> <span class='ocrx_word' id='word_1_103' title='bbox 1014 2370 1088 2455; x_wconf 81' lang='grc' dir='ltr'><strong>πρός</strong></span> <span class='ocrx_word' id='word_1_104' title='bbox 1110 2368 1188 2454; x_wconf 82' lang='grc' dir='ltr'><strong><em>Ἀρι-</em></strong></span> 
     </span>
     <span class='ocr_line' id='line_1_16' title="bbox 201 2481 1190 2572; baseline 0 -22"><span class='ocrx_word' id='word_1_105' title='bbox 201 2483 359 2568; x_wconf 82' lang='grc' dir='ltr'><strong><em>στίμαχον</em></strong></span> <span class='ocrx_word' id='word_1_106' title='bbox 382 2485 428 2572; x_wconf 76' lang='grc' dir='ltr'><strong><em>αῖς</em></strong></span> <span class='ocrx_word' id='word_1_107' title='bbox 453 2487 608 2568; x_wconf 75' lang='grc' dir='ltr'><strong><em>δυσμενῶς</em></strong></span> <span class='ocrx_word' id='word_1_108' title='bbox 636 2485 687 2552; x_wconf 84' lang='grc' dir='ltr'><strong><em>καί</em></strong></span> <span class='ocrx_word' id='word_1_109' title='bbox 716 2481 926 2562; x_wconf 72' lang='grc' dir='ltr'><strong><em>ἀδιαλλάκτως</em></strong></span> <span class='ocrx_word' id='word_1_110' title='bbox 952 2484 998 2552; x_wconf 81' lang='grc' dir='ltr'><strong>αέί</strong></span> <span class='ocrx_word' id='word_1_111' title='bbox 1024 2482 1097 2570; x_wconf 73' lang='grc' dir='ltr'><strong><em>προς</em></strong></span> <span class='ocrx_word' id='word_1_112' title='bbox 1119 2481 1190 2561; x_wconf 65' lang='lat' dir='ltr'><strong>rode</strong></span> 
     </span>
     <span class='ocr_line' id='line_1_17' title="bbox 201 2598 511 2689; baseline -0.003 -22"><span class='ocrx_word' id='word_1_113' title='bbox 201 2598 365 2689; x_wconf 77' lang='grc' dir='ltr'><strong><em>τυράννους</em></strong></span> <span class='ocrx_word' id='word_1_114' title='bbox 382 2601 511 2685; x_wconf 76' lang='grc' dir='ltr'><strong><em>ἔχοντος.</em></strong></span> 
     </span>
    </p>
   </div>
   <div class='ocr_carea' id='block_1_5' title="bbox 198 2831 1187 4105">
    <p class='ocr_par' dir='ltr' id='par_1_7' title="bbox 201 2831 1187 3044">
     <span class='ocr_line' id='line_1_18' title="bbox 240 2831 1187 2924; baseline 0.003 -21"><span class='ocrx_word' id='word_1_115' title='bbox 240 2841 292 2903; x_wconf 78' lang='grc'><strong>36.</strong></span> <span class='ocrx_word' id='word_1_116' title='bbox 333 2836 393 2904; x_wconf 64' lang='lat' dir='ltr'><strong>Ao*</strong></span> <span class='ocrx_word' id='word_1_117' title='bbox 418 2841 469 2903; x_wconf 81' lang='grc' dir='ltr'><strong>ναί</strong></span> <span class='ocrx_word' id='word_1_118' title='bbox 494 2835 642 2922; x_wconf 72' lang='grc' dir='ltr'><strong><em>βούλομαι</em></strong></span> <span class='ocrx_word' id='word_1_119' title='bbox 668 2837 721 2905; x_wconf 70' lang='lat' dir='ltr'><strong>cdv</strong></span> <span class='ocrx_word' id='word_1_120' title='bbox 744 2835 834 2924; x_wconf 75' lang='grc' dir='ltr'><strong><em>λόγον</em></strong></span> <span class='ocrx_word' id='word_1_121' title='bbox 859 2834 1023 2924; x_wconf 76' lang='grc' dir='ltr'><strong><em>ἐπιστήσας</em></strong></span> <span class='ocrx_word' id='word_1_122' title='bbox 1046 2831 1187 2906; x_wconf 75' lang='grc' dir='ltr'><strong><em>ἐνταῦθα’</em></strong></span> 
     </span>
     <span class='ocr_line' id='line_1_19' title="bbox 201 2955 980 3044; baseline 0.001 -23"><span class='ocrx_word' id='word_1_123' title='bbox 201 2980 273 3021; x_wconf 89' lang='grc' dir='ltr'><strong>που</strong></span> <span class='ocrx_word' id='word_1_124' title='bbox 294 2958 456 3032; x_wconf 76' lang='grc' dir='ltr'><strong><em>διεξελθεῖν</em></strong></span> <span class='ocrx_word' id='word_1_125' title='bbox 476 2958 543 3044; x_wconf 85' lang='grc' dir='ltr'><strong><em>περὶ</em></strong></span> <span class='ocrx_word' id='word_1_126' title='bbox 562 2961 616 3043; x_wconf 80' lang='grc' dir='ltr'><strong>τῆς</strong></span> <span class='ocrx_word' id='word_1_127' title='bbox 635 2957 828 3044; x_wconf 81' lang='grc' dir='ltr'><strong><em>Ἀριστίππου</em></strong></span> <span class='ocrx_word' id='word_1_128' title='bbox 849 2955 980 3044; x_wconf 76' lang='grc' dir='ltr'><strong><em>διαίτης,</em></strong></span> 
     </span>
    </p>

    <p class='ocr_par' dir='ltr' id='par_1_8' title="bbox 198 3069 1186 4105">
     <span class='ocr_line' id='line_1_20' title="bbox 241 3069 1186 3163; baseline 0.005 -24"><span class='ocrx_word' id='word_1_129' title='bbox 241 3069 382 3142; x_wconf 74' lang='grc' dir='ltr'><strong><em>ἐνταῦθα’</em></strong></span> <span class='ocrx_word' id='word_1_130' title='bbox 400 3099 461 3140; x_wconf 88' lang='grc' dir='ltr'><strong>που</strong></span> <span class='ocrx_word' id='word_1_131' title='bbox 488 3081 509 3139; x_wconf 94' lang='lat' dir='ltr'><strong>i.</strong></span> <span class='ocrx_word' id='word_1_132' title='bbox 535 3102 560 3140; x_wconf 91' lang='lat' dir='ltr'><strong>e.</strong></span> <span class='ocrx_word' id='word_1_133' title='bbox 586 3083 632 3138; x_wconf 82' lang='lat' dir='ltr'><strong>lu&#39;c</strong></span> <span class='ocrx_word' id='word_1_134' title='bbox 654 3079 730 3156; x_wconf 79' lang='lat' dir='ltr'><strong>sere.</strong></span> <span class='ocrx_word' id='word_1_135' title='bbox 770 3082 810 3141; x_wconf 77' lang='lat' dir='ltr'><strong>At</strong></span> <span class='ocrx_word' id='word_1_136' title='bbox 829 3082 896 3163; x_wconf 90' lang='lat' dir='ltr'><strong>quis</strong></span> <span class='ocrx_word' id='word_1_137' title='bbox 917 3093 958 3141; x_wconf 92' lang='lat' dir='ltr'><strong>est</strong></span> <span class='ocrx_word' id='word_1_138' title='bbox 978 3082 1057 3163; x_wconf 89' lang='lat' dir='ltr'><strong>quin</strong></span> <span class='ocrx_word' id='word_1_139' title='bbox 1077 3085 1186 3144; x_wconf 80' lang='lat' dir='ltr'><strong>sentiat</strong></span> 
     </span>
     <span class='ocr_line' id='line_1_21' title="bbox 200 3186 1184 3282; baseline -0.001 -23"><span class='ocrx_word' id='word_1_140' title='bbox 200 3186 236 3260; x_wconf 78' lang='grc' dir='ltr'><strong>τό</strong></span> <span class='ocrx_word' id='word_1_141' title='bbox 259 3216 319 3256; x_wconf 89' lang='grc' dir='ltr'><strong>που</strong></span> <span class='ocrx_word' id='word_1_142' title='bbox 344 3194 469 3256; x_wconf 85' lang='lat' dir='ltr'>absurde</span> <span class='ocrx_word' id='word_1_143' title='bbox 495 3195 555 3256; x_wconf 94' lang='lat' dir='ltr'><strong>hoc</strong></span> <span class='ocrx_word' id='word_1_144' title='bbox 580 3195 648 3255; x_wconf 92' lang='lat' dir='ltr'><strong>loco</strong></span> <span class='ocrx_word' id='word_1_145' title='bbox 673 3196 718 3282; x_wconf 75' lang='grc' dir='ltr'><strong>τῷ</strong></span> <span class='ocrx_word' id='word_1_146' title='bbox 735 3193 874 3258; x_wconf 70' lang='grc' dir='ltr'><strong><em>ἐνταῦθα</em></strong></span> <span class='ocrx_word' id='word_1_147' title='bbox 899 3197 1079 3278; x_wconf 82' lang='lat' dir='ltr'><strong>adjunctum</strong></span> <span class='ocrx_word' id='word_1_148' title='bbox 1095 3201 1184 3271; x_wconf 83' lang='lat' dir='ltr'><strong>csse?</strong></span> 
     </span>
     <span class='ocr_line' id='line_1_22' title="bbox 201 3313 1185 3397; baseline 0.007 -26"><span class='ocrx_word' id='word_1_149' title='bbox 201 3313 314 3394; x_wconf 82' lang='lat' dir='ltr'><strong>Nempe</strong></span> <span class='ocrx_word' id='word_1_150' title='bbox 327 3313 506 3376; x_wconf 74' lang='lat' dir='ltr'>Plutarchus</span> <span class='ocrx_word' id='word_1_151' title='bbox 520 3325 689 3396; x_wconf 76' lang='lat' dir='ltr'><strong>opportune</strong></span> <span class='ocrx_word' id='word_1_152' title='bbox 702 3317 747 3372; x_wconf 77' lang='grc' dir='ltr'><strong>λίς</strong></span> <span class='ocrx_word' id='word_1_153' title='bbox 761 3313 799 3374; x_wconf 88' lang='lat' dir='ltr'><strong>de</strong></span> <span class='ocrx_word' id='word_1_154' title='bbox 815 3315 961 3397; x_wconf 85' lang='lat' dir='ltr'><strong>Aristippi</strong></span> <span class='ocrx_word' id='word_1_155' title='bbox 976 3316 1052 3375; x_wconf 83' lang='lat' dir='ltr'><strong>vitoe</strong></span> <span class='ocrx_word' id='word_1_156' title='bbox 1068 3317 1185 3380; x_wconf 81' lang='lat' dir='ltr'><strong>ratione</strong></span> 
     </span>
     <span class='ocr_line' id='line_1_23' title="bbox 200 3430 1184 3514; baseline 0.007 -25"><span class='ocrx_word' id='word_1_157' title='bbox 200 3430 385 3492; x_wconf 88' lang='lat' dir='ltr'><strong>mentionem</strong></span> <span class='ocrx_word' id='word_1_158' title='bbox 407 3431 500 3492; x_wconf 82' lang='lat' dir='ltr'><strong>facere</strong></span> <span class='ocrx_word' id='word_1_159' title='bbox 521 3432 603 3504; x_wconf 85' lang='lat' dir='ltr'><strong>vult,</strong></span> <span class='ocrx_word' id='word_1_160' title='bbox 624 3453 686 3514; x_wconf 90' lang='lat' dir='ltr'><strong>quo</strong></span> <span class='ocrx_word' id='word_1_161' title='bbox 705 3433 801 3513; x_wconf 83' lang='lat' dir='ltr'><strong>magis</strong></span> <span class='ocrx_word' id='word_1_162' title='bbox 822 3432 983 3494; x_wconf 88' lang='lat' dir='ltr'><strong>discrimen</strong></span> <span class='ocrx_word' id='word_1_163' title='bbox 1003 3434 1119 3496; x_wconf 86' lang='lat' dir='ltr'><strong>eluceat</strong></span> <span class='ocrx_word' id='word_1_164' title='bbox 1137 3436 1184 3496; x_wconf 92' lang='lat' dir='ltr'><strong>in·</strong></span> 
     </span>
     <span class='ocr_line' id='line_1_24' title="bbox 200 3540 1185 3631; baseline 0.005 -21"><span class='ocrx_word' id='word_1_165' title='bbox 200 3559 245 3610; x_wconf 81' lang='lat' dir='ltr'><strong>ter</strong></span> <span class='ocrx_word' id='word_1_166' title='bbox 263 3549 328 3631; x_wconf 86' lang='lat' dir='ltr'><strong>ejus</strong></span> <span class='ocrx_word' id='word_1_167' title='bbox 344 3560 374 3609; x_wconf 85' lang='lat' dir='ltr'><strong>et</strong></span> <span class='ocrx_word' id='word_1_168' title='bbox 390 3549 474 3610; x_wconf 80' lang='lat' dir='ltr'><strong>Arati</strong></span> <span class='ocrx_word' id='word_1_169' title='bbox 496 3551 598 3610; x_wconf 78' lang='lat' dir='ltr'><strong>vitam.</strong></span> <span class='ocrx_word' id='word_1_170' title='bbox 637 3551 693 3610; x_wconf 86' lang='lat' dir='ltr'><strong>Pro</strong></span> <span class='ocrx_word' id='word_1_171' title='bbox 712 3540 853 3612; x_wconf 76' lang='grc' dir='ltr'><strong><em>ἒνταῦδιί</em></strong></span> <span class='ocrx_word' id='word_1_172' title='bbox 868 3572 928 3613; x_wconf 87' lang='grc' dir='ltr'><strong>που</strong></span> <span class='ocrx_word' id='word_1_173' title='bbox 947 3549 1110 3625; x_wconf 79' lang='grc' dir='ltr'><strong><em>διεξελδεῖν</em></strong></span> <span class='ocrx_word' id='word_1_174' title='bbox 1129 3553 1185 3614; x_wconf 83' lang='lat' dir='ltr'><strong>ali·</strong></span> 
     </span>
     <span class='ocr_line' id='line_1_25' title="bbox 199 3665 1182 3750; baseline 0.005 -25"><span class='ocrx_word' id='word_1_175' title='bbox 199 3665 323 3748; x_wconf 83' lang='lat' dir='ltr'><strong>quondo</strong></span> <span class='ocrx_word' id='word_1_176' title='bbox 341 3665 417 3726; x_wconf 91' lang='lat' dir='ltr'><strong>mihi</strong></span> <span class='ocrx_word' id='word_1_177' title='bbox 437 3668 472 3726; x_wconf 92' lang='lat' dir='ltr'><strong>in</strong></span> <span class='ocrx_word' id='word_1_178' title='bbox 493 3677 623 3727; x_wconf 88' lang='lat' dir='ltr'><strong>mentem</strong></span> <span class='ocrx_word' id='word_1_179' title='bbox 644 3669 727 3728; x_wconf 86' lang='lat' dir='ltr'><strong>venit</strong></span> <span class='ocrx_word' id='word_1_180' title='bbox 745 3669 842 3750; x_wconf 83' lang='lat' dir='ltr'><strong>legere</strong></span> <span class='ocrx_word' id='word_1_181' title='bbox 862 3667 1001 3731; x_wconf 71' lang='grc' dir='ltr'><strong><em>ἐνταῦθα</em></strong></span> <span class='ocrx_word' id='word_1_182' title='bbox 1018 3665 1182 3740; x_wconf 73' lang='grc' dir='ltr'><strong><em>α’ποδιεξελ·</em></strong></span> 
     </span>
     <span class='ocr_line' id='line_1_26' title="bbox 198 3785 1183 3877; baseline 0.002 -33"><span class='ocrx_word' id='word_1_183' title='bbox 198 3786 268 3877; x_wconf 64' lang='grc' dir='ltr'><strong><em>δεῖν</em></strong></span> <span class='ocrx_word' id='word_1_184' title='bbox 283 3787 366 3869; x_wconf 90' lang='lat' dir='ltr'><strong>quod</strong></span> <span class='ocrx_word' id='word_1_185' title='bbox 379 3785 529 3870; x_wconf 85' lang='lat' dir='ltr'><strong>significet</strong></span> <span class='ocrx_word' id='word_1_186' title='bbox 548 3791 594 3846; x_wconf 80' lang='grc' dir='ltr'><strong><em>λία</em></strong></span> <span class='ocrx_word' id='word_1_187' title='bbox 607 3789 735 3846; x_wconf 74' lang='lat' dir='ltr'><strong>nonnihil</strong></span> <span class='ocrx_word' id='word_1_188' title='bbox 747 3790 868 3847; x_wconf 82' lang='lat' dir='ltr'><strong>breviter</strong></span> <span class='ocrx_word' id='word_1_189' title='bbox 880 3796 1051 3862; x_wconf 74' lang='lat' dir='ltr'><strong>interjim&#39;am</strong></span> <span class='ocrx_word' id='word_1_190' title='bbox 1065 3809 1183 3846; x_wconf 81' lang='lat' dir='ltr'><strong>comme-</strong></span> 
     </span>
     <span class='ocr_line' id='line_1_27' title="bbox 198 3903 1183 3990; baseline 0.006 -30"><span class='ocrx_word' id='word_1_191' title='bbox 198 3912 376 3975; x_wconf 76' lang='lat' dir='ltr'><strong>morationis,</strong></span> <span class='ocrx_word' id='word_1_192' title='bbox 394 3903 477 3986; x_wconf 89' lang='lat' dir='ltr'><strong>quod</strong></span> <span class='ocrx_word' id='word_1_193' title='bbox 494 3904 631 3985; x_wconf 87' lang='lat' dir='ltr'><strong>quamvis</strong></span> <span class='ocrx_word' id='word_1_194' title='bbox 647 3914 752 3986; x_wconf 85' lang='lat' dir='ltr'><strong>aptum</strong></span> <span class='ocrx_word' id='word_1_195' title='bbox 767 3904 823 3980; x_wconf 85' lang='lat' dir='ltr'><strong>sit,</strong></span> <span class='ocrx_word' id='word_1_196' title='bbox 849 3914 949 3964; x_wconf 83' lang='lat' dir='ltr'><strong>tamen</strong></span> <span class='ocrx_word' id='word_1_197' title='bbox 966 3905 1087 3986; x_wconf 85' lang='lat' dir='ltr'><strong>rejicio,</strong></span> <span class='ocrx_word' id='word_1_198' title='bbox 1108 3907 1183 3990; x_wconf 84' lang='lat' dir='ltr'><strong>quia</strong></span> 
     </span>
     <span class='ocr_line' id='line_1_28' title="bbox 198 4014 1180 4105; baseline 0.002 -23"><span class='ocrx_word' id='word_1_199' title='bbox 198 4020 321 4082; x_wconf 81' lang='lat' dir='ltr'><strong>verbum</strong></span> <span class='ocrx_word' id='word_1_200' title='bbox 336 4014 585 4103; x_wconf 81' lang='grc' dir='ltr'><strong><em>δποδιεξίρχομαι</em></strong></span> <span class='ocrx_word' id='word_1_201' title='bbox 605 4043 669 4080; x_wconf 90' lang='lat' dir='ltr'><strong>non</strong></span> <span class='ocrx_word' id='word_1_202' title='bbox 687 4031 790 4080; x_wconf 80' lang='lat' dir='ltr'><strong>exstat.</strong></span> <span class='ocrx_word' id='word_1_203' title='bbox 833 4020 910 4096; x_wconf 87' lang='lat' dir='ltr'><strong>Quid</strong></span> <span class='ocrx_word' id='word_1_204' title='bbox 931 4033 1031 4082; x_wconf 82' lang='lat' dir='ltr'><strong>autem</strong></span> <span class='ocrx_word' id='word_1_205' title='bbox 1046 4044 1100 4105; x_wconf 87' lang='lat' dir='ltr'><strong>pro</strong></span> <span class='ocrx_word' id='word_1_206' title='bbox 1121 4043 1180 4084; x_wconf 91' lang='grc' dir='ltr'><strong>που</strong></span> 
     </span>
    </p>
   </div>
   <div class='ocr_carea' id='block_1_6' title="bbox 198 4139 1179 4222">
    <p class='ocr_par' dir='ltr' id='par_1_9' title="bbox 198 4139 1179 4222">
     <span class='ocr_line' id='line_1_29' title="bbox 198 4139 1179 4222; baseline 0.003 -25"><span class='ocrx_word' id='word_1_207' title='bbox 198 4139 415 4200; x_wconf 81' lang='lat' dir='ltr'><strong>restituendum</strong></span> <span class='ocrx_word' id='word_1_208' title='bbox 429 4141 468 4200; x_wconf 88' lang='lat' dir='ltr'><strong>sit</strong></span> <span class='ocrx_word' id='word_1_209' title='bbox 478 4161 542 4199; x_wconf 91' lang='lat' dir='ltr'><strong>non</strong></span> <span class='ocrx_word' id='word_1_210' title='bbox 555 4139 648 4201; x_wconf 82' lang='lat' dir='ltr'><strong>video.</strong></span> <span class='ocrx_word' id='word_1_211' title='bbox 663 4139 793 4200; x_wconf 83' lang='lat' dir='ltr'><strong>Fortasse</strong></span> <span class='ocrx_word' id='word_1_212' title='bbox 802 4140 976 4221; x_wconf 86' lang='lat' dir='ltr'><strong>simpliciter</strong></span> <span class='ocrx_word' id='word_1_213' title='bbox 986 4141 1179 4222; x_wconf 86' lang='lat' dir='ltr'><strong>ejiciendum.</strong></span> 
     </span>
    </p>
   </div>
   <div class='ocr_carea' id='block_1_7' title="bbox 666 4265 737 4272">
    <p class='ocr_par' dir='ltr' id='par_1_10' title="bbox 666 4265 737 4272">
     <span class='ocr_line' id='line_1_30' title="bbox 666 4265 737 4272; baseline 0.028 -2"><span class='ocrx_word' id='word_1_214' title='bbox 666 4265 737 4272; x_wconf 82' lang='lat'><em>---—...</em></span> 
     </span>
    </p>
   </div>
   <div class='ocr_carea' id='block_1_8' title="bbox 0 0 1516 5080">
    <p class='ocr_par' dir='ltr' id='par_1_11' title="bbox 0 0 1516 5080">
     <span class='ocr_line' id='line_1_31' title="bbox 0 0 1516 5080; baseline 0 4"><span class='ocrx_word' id='word_1_215' title='bbox 0 0 1516 5080; x_wconf 95' lang='lat' dir='ltr'><strong> </strong></span> 
     </span>
    </p>
   </div>
  </div>
 </body>
</html>
