<?xml version="1.0" encoding="UTF-8"?>
<!DOCTYPE html PUBLIC "-//W3C//DTD XHTML 1.0 Transitional//EN"
    "http://www.w3.org/TR/xhtml1/DTD/xhtml1-transitional.dtd">
<html xmlns="http://www.w3.org/1999/xhtml" xml:lang="en" lang="en">
 <head>
  <title>
</title>
<meta http-equiv="Content-Type" content="text/html;charset=utf-8" />
  <meta name='ocr-system' content='tesseract 3.04.00' />
  <meta name='ocr-capabilities' content='ocr_page ocr_carea ocr_par ocr_line ocrx_word'/>
</head>
<body>
  <div class='ocr_page' id='page_1' title='image "./specimenlittara00zeitgoog_0049.png"; bbox 0 0 3022 5080; ppageno 0'>
   <div class='ocr_carea' id='block_1_1' title="bbox 717 459 1029 570">
    <p class='ocr_par' dir='ltr' id='par_1_1' title="bbox 717 459 1029 570">
     <span class='ocr_line' id='line_1_1' title="bbox 717 459 1029 570; baseline -0.006 -14"><span class='ocrx_word' id='word_1_1' title='bbox 717 459 896 570; x_wconf 51' lang='lat' dir='ltr'>..38ss</span> <span class='ocrx_word' id='word_1_2' title='bbox 1023 481 1029 492; x_wconf 86' lang='lat'>&#39;</span> 
     </span>
    </p>
   </div>
   <div class='ocr_carea' id='block_1_2' title="bbox 315 685 1304 989">
    <p class='ocr_par' dir='ltr' id='par_1_2' title="bbox 315 685 1304 989">
     <span class='ocr_line' id='line_1_2' title="bbox 315 685 1303 774; baseline -0.008 -20"><span class='ocrx_word' id='word_1_3' title='bbox 315 691 430 754; x_wconf 77' lang='lat' dir='ltr'>sactum</span> <span class='ocrx_word' id='word_1_4' title='bbox 448 701 492 753; x_wconf 77' lang='lat' dir='ltr'><strong><em>est</em></strong></span> <span class='ocrx_word' id='word_1_5' title='bbox 512 701 547 752; x_wconf 75' lang='lat' dir='ltr'><strong><em>ut</em></strong></span> <span class='ocrx_word' id='word_1_6' title='bbox 568 691 669 752; x_wconf 85' lang='lat' dir='ltr'>minus</span> <span class='ocrx_word' id='word_1_7' title='bbox 688 689 912 774; x_wconf 70' lang='lat' dir='ltr'>perspiceretur.</span> <span class='ocrx_word' id='word_1_8' title='bbox 954 685 1126 768; x_wconf 83' lang='lat' dir='ltr'>insipidum</span> <span class='ocrx_word' id='word_1_9' title='bbox 1139 687 1234 767; x_wconf 78' lang='lat' dir='ltr'>igitur</span> <span class='ocrx_word' id='word_1_10' title='bbox 1248 687 1303 747; x_wconf 88' lang='lat' dir='ltr'><strong><em>ln·</em></strong></span> 
     </span>
     <span class='ocr_line' id='line_1_3' title="bbox 315 805 1304 894; baseline -0.008 -21"><span class='ocrx_word' id='word_1_11' title='bbox 315 810 504 894; x_wconf 75' lang='lat' dir='ltr'><strong><em>terpolatoris</em></strong></span> <span class='ocrx_word' id='word_1_12' title='bbox 534 808 775 870; x_wconf 80' lang='lat' dir='ltr'>additamentum</span> <span class='ocrx_word' id='word_1_13' title='bbox 806 807 942 889; x_wconf 67' lang='lat' dir='ltr'>ejeceris,</span> <span class='ocrx_word' id='word_1_14' title='bbox 973 817 1067 866; x_wconf 83' lang='lat' dir='ltr'><strong>cetera</strong></span> <span class='ocrx_word' id='word_1_15' title='bbox 1101 805 1242 888; x_wconf 81' lang='lat' dir='ltr'>expedita</span> <span class='ocrx_word' id='word_1_16' title='bbox 1272 817 1304 866; x_wconf 88' lang='lat' dir='ltr'><strong><em>et</em></strong></span> 
     </span>
     <span class='ocr_line' id='line_1_4' title="bbox 316 924 621 989; baseline 0 -1"><span class='ocrx_word' id='word_1_17' title='bbox 316 927 469 989; x_wconf 79' lang='lat' dir='ltr'>concinna</span> <span class='ocrx_word' id='word_1_18' title='bbox 488 924 621 988; x_wconf 84' lang='lat' dir='ltr'>habebis.</span> 
     </span>
    </p>
   </div>
   <div class='ocr_carea' id='block_1_3' title="bbox 313 1149 1304 1694">
    <p class='ocr_par' dir='ltr' id='par_1_3' title="bbox 315 1149 1304 1362">
     <span class='ocr_line' id='line_1_5' title="bbox 356 1149 1304 1243; baseline -0.006 -21"><span class='ocrx_word' id='word_1_19' title='bbox 356 1161 406 1222; x_wconf 84' lang='lat'><strong><em>29.</em></strong></span> <span class='ocrx_word' id='word_1_20' title='bbox 447 1150 470 1243; x_wconf 81' lang='grc' dir='ltr'><em>ἥ</em></span> <span class='ocrx_word' id='word_1_21' title='bbox 488 1180 520 1224; x_wconf 85' lang='grc' dir='ltr'><strong><em>νε</em></strong></span> <span class='ocrx_word' id='word_1_22' title='bbox 540 1153 625 1233; x_wconf 85' lang='grc' dir='ltr'><strong><em>πόλις</em></strong></span> <span class='ocrx_word' id='word_1_23' title='bbox 644 1156 818 1234; x_wconf 74' lang='grc' dir='ltr'><strong><em>ἐξανίστατο</em></strong></span> <span class='ocrx_word' id='word_1_24' title='bbox 838 1155 911 1242; x_wconf 80' lang='grc' dir='ltr'><strong><em>πρᾶς</em></strong></span> <span class='ocrx_word' id='word_1_25' title='bbox 930 1155 970 1221; x_wconf 71' lang='lat' dir='ltr'><strong><em>ra*</em></strong></span> <span class='ocrx_word' id='word_1_26' title='bbox 988 1159 1126 1239; x_wconf 78' lang='grc' dir='ltr'><strong><em>γινόμενα</em></strong></span> <span class='ocrx_word' id='word_1_27' title='bbox 1141 1149 1260 1239; x_wconf 78' lang='grc' dir='ltr'><strong><em>πλήρεις</em></strong></span> <span class='ocrx_word' id='word_1_28' title='bbox 1275 1150 1304 1217; x_wconf 84' lang='grc' dir='ltr'><strong><em>τ’</em></strong></span> 
     </span>
     <span class='ocr_line' id='line_1_6' title="bbox 315 1268 876 1362; baseline -0.009 -20"><span class='ocrx_word' id='word_1_29' title='bbox 315 1268 396 1362; x_wconf 81' lang='grc' dir='ltr'><strong><em>ἦσαν</em></strong></span> <span class='ocrx_word' id='word_1_30' title='bbox 415 1281 445 1343; x_wconf 79' lang='grc' dir='ltr'><strong><em>ολ</em></strong></span> <span class='ocrx_word' id='word_1_31' title='bbox 460 1299 498 1340; x_wconf 81' lang='grc' dir='ltr'><strong><em>τε</em></strong></span> <span class='ocrx_word' id='word_1_32' title='bbox 517 1274 662 1340; x_wconf 84' lang='grc' dir='ltr'><strong><em>στενωποί</em></strong></span> <span class='ocrx_word' id='word_1_33' title='bbox 682 1270 876 1340; x_wconf 75' lang='grc' dir='ltr'><strong><em>διαθεόντων.</em></strong></span> 
     </span>
    </p>

    <p class='ocr_par' dir='ltr' id='par_1_4' title="bbox 313 1393 1303 1694">
     <span class='ocr_line' id='line_1_7' title="bbox 359 1393 1301 1476; baseline -0.005 -19"><span class='ocrx_word' id='word_1_34' title='bbox 359 1396 438 1472; x_wconf 86' lang='lat' dir='ltr'><strong>Quid</strong></span> <span class='ocrx_word' id='word_1_35' title='bbox 460 1397 593 1458; x_wconf 85' lang='lat' dir='ltr'>Sintenis</span> <span class='ocrx_word' id='word_1_36' title='bbox 608 1399 731 1458; x_wconf 87' lang='lat' dir='ltr'>tertium</span> <span class='ocrx_word' id='word_1_37' title='bbox 744 1416 776 1457; x_wconf 86' lang='grc' dir='ltr'><strong><em>τε</em></strong></span> <span class='ocrx_word' id='word_1_38' title='bbox 790 1397 824 1455; x_wconf 90' lang='lat' dir='ltr'><strong><em>in</em></strong></span> <span class='ocrx_word' id='word_1_39' title='bbox 838 1404 954 1456; x_wconf 79' lang='lat' dir='ltr'><strong>textum</strong></span> <span class='ocrx_word' id='word_1_40' title='bbox 969 1415 1070 1456; x_wconf 85' lang='lat' dir='ltr'>rursus</span> <span class='ocrx_word' id='word_1_41' title='bbox 1084 1395 1204 1476; x_wconf 85' lang='lat' dir='ltr'>recepit,</span> <span class='ocrx_word' id='word_1_42' title='bbox 1218 1393 1301 1476; x_wconf 88' lang='lat' dir='ltr'><strong>quod</strong></span> 
     </span>
     <span class='ocr_line' id='line_1_8' title="bbox 313 1513 1303 1597; baseline -0.005 -21"><span class='ocrx_word' id='word_1_43' title='bbox 313 1518 381 1597; x_wconf 80' lang='lat' dir='ltr'><strong><em>jam</em></strong></span> <span class='ocrx_word' id='word_1_44' title='bbox 401 1513 590 1578; x_wconf 79' lang='lat' dir='ltr'>Sohaeferum</span> <span class='ocrx_word' id='word_1_45' title='bbox 611 1515 697 1577; x_wconf 82' lang='lat' dir='ltr'>video</span> <span class='ocrx_word' id='word_1_46' title='bbox 718 1525 796 1576; x_wconf 83' lang='lat' dir='ltr'><strong>recte</strong></span> <span class='ocrx_word' id='word_1_47' title='bbox 817 1515 948 1597; x_wconf 76' lang='lat' dir='ltr'>ejecisse3</span> <span class='ocrx_word' id='word_1_48' title='bbox 974 1513 1057 1596; x_wconf 91' lang='lat' dir='ltr'>quod</span> <span class='ocrx_word' id='word_1_49' title='bbox 1083 1514 1150 1596; x_wconf 84' lang='lat' dir='ltr'>quis</span> <span class='ocrx_word' id='word_1_50' title='bbox 1171 1533 1236 1572; x_wconf 90' lang='lat' dir='ltr'><strong><em>non</em></strong></span> <span class='ocrx_word' id='word_1_51' title='bbox 1258 1514 1303 1572; x_wconf 86' lang='lat' dir='ltr'><strong><em>vi-</em></strong></span> 
     </span>
     <span class='ocr_line' id='line_1_9' title="bbox 318 1632 592 1694; baseline 0.004 -2"><span class='ocrx_word' id='word_1_52' title='bbox 318 1632 387 1692; x_wconf 81' lang='lat' dir='ltr'>deat</span> <span class='ocrx_word' id='word_1_53' title='bbox 405 1635 530 1694; x_wconf 73' lang='lat' dir='ltr'><strong>vacare?</strong></span> <span class='ocrx_word' id='word_1_54' title='bbox 553 1669 592 1678; x_wconf 90' lang='lat'><em>-</em></span> 
     </span>
    </p>
   </div>
   <div class='ocr_carea' id='block_1_4' title="bbox 765 1789 861 1798">
    <p class='ocr_par' dir='ltr' id='par_1_5' title="bbox 765 1789 861 1798">
     <span class='ocr_line' id='line_1_10' title="bbox 765 1789 861 1798; baseline 0.01 -2"><span class='ocrx_word' id='word_1_55' title='bbox 765 1789 861 1798; x_wconf 71' lang='lat' dir='ltr'><strong><em>——a</em></strong></span> 
     </span>
    </p>
   </div>
   <div class='ocr_carea' id='block_1_5' title="bbox 690 1897 930 1979">
    <p class='ocr_par' dir='ltr' id='par_1_6' title="bbox 690 1897 930 1979">
     <span class='ocr_line' id='line_1_11' title="bbox 690 1897 930 1979; baseline 0.004 -1"><span class='ocrx_word' id='word_1_56' title='bbox 690 1897 797 1979; x_wconf 69' lang='grc' dir='ltr'><strong><em>σον.</em></strong></span> <span class='ocrx_word' id='word_1_57' title='bbox 839 1919 930 1979; x_wconf 85' lang='lat' dir='ltr'>xxu.</span> 
     </span>
    </p>
   </div>
   <div class='ocr_carea' id='block_1_6' title="bbox 316 2099 1306 3018">
    <p class='ocr_par' dir='ltr' id='par_1_7' title="bbox 318 2099 1305 2424">
     <span class='ocr_line' id='line_1_12' title="bbox 359 2099 1304 2187; baseline -0.001 -22"><span class='ocrx_word' id='word_1_58' title='bbox 359 2106 389 2166; x_wconf 89' lang='grc'><strong><em>3.</em></strong></span> <span class='ocrx_word' id='word_1_59' title='bbox 429 2101 498 2167; x_wconf 76' lang='grc' dir='ltr'><strong><em>ἀλλ’</em></strong></span> <span class='ocrx_word' id='word_1_60' title='bbox 523 2101 779 2186; x_wconf 76' lang='grc' dir='ltr'><strong><em>α’ποπλανοίμενσς</em></strong></span> <span class='ocrx_word' id='word_1_61' title='bbox 802 2107 860 2171; x_wconf 74' lang='grc' dir='ltr'><strong><em>τοῦ</em></strong></span> <span class='ocrx_word' id='word_1_62' title='bbox 882 2104 985 2187; x_wconf 88' lang='grc' dir='ltr'><strong><em>τρίβου</em></strong></span> <span class='ocrx_word' id='word_1_63' title='bbox 1011 2099 1202 2167; x_wconf 75' lang='grc' dir='ltr'><strong><em>παντάπασιν</em></strong></span> <span class='ocrx_word' id='word_1_64' title='bbox 1220 2102 1304 2166; x_wconf 75' lang='grc' dir='ltr'><strong><em>ἐνίε-</em></strong></span> 
     </span>
     <span class='ocr_line' id='line_1_13' title="bbox 319 2195 1305 2307; baseline 0.001 -26"><span class='ocrx_word' id='word_1_65' title='bbox 319 2213 445 2294; x_wconf 78' lang='grc' dir='ltr'><strong><em>δοιιότος</em></strong></span> <span class='ocrx_word' id='word_1_66' title='bbox 457 2195 783 2307; x_wconf 84' lang='grc' dir='ltr'><strong><em>ναὶπερισκιαζομίνοο</em></strong></span> <span class='ocrx_word' id='word_1_67' title='bbox 796 2227 863 2297; x_wconf 85' lang='grc' dir='ltr'><strong><em>ταῖς</em></strong></span> <span class='ocrx_word' id='word_1_68' title='bbox 874 2216 1042 2306; x_wconf 73' lang='grc' dir='ltr'><strong><em>τραχύτησι</em></strong></span> <span class='ocrx_word' id='word_1_69' title='bbox 1055 2220 1105 2284; x_wconf 81' lang='grc' dir='ltr'><strong><em>καί</em></strong></span> <span class='ocrx_word' id='word_1_70' title='bbox 1118 2221 1170 2283; x_wconf 79' lang='grc' dir='ltr'><strong><em>διαί</em></strong></span> <span class='ocrx_word' id='word_1_71' title='bbox 1183 2221 1305 2284; x_wconf 81' lang='grc' dir='ltr'><strong><em>πολλῶν</em></strong></span> 
     </span>
     <span class='ocr_line' id='line_1_14' title="bbox 318 2333 1242 2424; baseline 0 -25"><span class='ocrx_word' id='word_1_72' title='bbox 318 2333 449 2419; x_wconf 74' lang='grc' dir='ltr'><strong><em>ἑλιγμῶν</em></strong></span> <span class='ocrx_word' id='word_1_73' title='bbox 467 2339 518 2401; x_wconf 80' lang='grc' dir='ltr'><strong><em>καί</em></strong></span> <span class='ocrx_word' id='word_1_74' title='bbox 537 2342 764 2424; x_wconf 79' lang='grc' dir='ltr'><strong><em>παραβολῶν</em></strong></span> <span class='ocrx_word' id='word_1_75' title='bbox 783 2337 971 2423; x_wconf 71' lang='grc' dir='ltr'><strong><em>περαίνοντος</em></strong></span> <span class='ocrx_word' id='word_1_76' title='bbox 989 2336 1063 2423; x_wconf 74' lang='grc' dir='ltr'><strong><em>πρός</em></strong></span> <span class='ocrx_word' id='word_1_77' title='bbox 1081 2334 1117 2403; x_wconf 78' lang='grc' dir='ltr'><strong><em>τᾶ</em></strong></span> <span class='ocrx_word' id='word_1_78' title='bbox 1135 2343 1242 2419; x_wconf 83' lang='grc' dir='ltr'><strong><em>τεῖχος.</em></strong></span> 
     </span>
    </p>

    <p class='ocr_par' dir='ltr' id='par_1_8' title="bbox 316 2458 1306 3018">
     <span class='ocr_line' id='line_1_15' title="bbox 359 2458 1304 2545; baseline 0.004 -28"><span class='ocrx_word' id='word_1_79' title='bbox 359 2458 594 2540; x_wconf 68' lang='lat' dir='ltr'>corrigendum,</span> <span class='ocrx_word' id='word_1_80' title='bbox 623 2461 707 2544; x_wconf 89' lang='lat' dir='ltr'><strong>quod</strong></span> <span class='ocrx_word' id='word_1_81' title='bbox 735 2461 795 2545; x_wconf 84' lang='lat' dir='ltr'>legi</span> <span class='ocrx_word' id='word_1_82' title='bbox 825 2461 914 2522; x_wconf 82' lang='lat' dir='ltr'>malit</span> <span class='ocrx_word' id='word_1_83' title='bbox 945 2462 1098 2533; x_wconf 82' lang='lat' dir='ltr'>Reiskius,</span> <span class='ocrx_word' id='word_1_84' title='bbox 1130 2459 1304 2542; x_wconf 81' lang='grc' dir='ltr'><strong><em>περιβολῶν.</em></strong></span> 
     </span>
     <span class='ocr_line' id='line_1_16' title="bbox 317 2572 1304 2663; baseline 0.001 -26"><span class='ocrx_word' id='word_1_85' title='bbox 317 2572 475 2658; x_wconf 72' lang='grc' dir='ltr'><strong><em>περιβολαί</em></strong></span> <span class='ocrx_word' id='word_1_86' title='bbox 491 2591 562 2640; x_wconf 87' lang='lat' dir='ltr'><strong>sunt</strong></span> <span class='ocrx_word' id='word_1_87' title='bbox 581 2578 745 2657; x_wconf 79' lang='lat' dir='ltr'><em>anfractus,</em></span> <span class='ocrx_word' id='word_1_88' title='bbox 763 2581 934 2642; x_wconf 79' lang='lat' dir='ltr'>conferatur</span> <span class='ocrx_word' id='word_1_89' title='bbox 950 2581 1009 2641; x_wconf 84' lang='lat' dir='ltr'><strong><em>Vit.</em></strong></span> <span class='ocrx_word' id='word_1_90' title='bbox 1024 2579 1304 2663; x_wconf 76' lang='lat' dir='ltr'>Lucun.1¹ag.505‚</span> 
     </span>
     <span class='ocr_line' id='line_1_17' title="bbox 317 2688 1306 2782; baseline -0.001 -24"><span class='ocrx_word' id='word_1_91' title='bbox 317 2697 354 2759; x_wconf 77' lang='lat' dir='ltr'><strong><em>A.</em></strong></span> <span class='ocrx_word' id='word_1_92' title='bbox 396 2688 503 2759; x_wconf 68' lang='grc' dir='ltr'><strong><em>κύκλον</em></strong></span> <span class='ocrx_word' id='word_1_93' title='bbox 521 2690 588 2759; x_wconf 78' lang='lat' dir='ltr'><strong><em>moi</em></strong></span> <span class='ocrx_word' id='word_1_94' title='bbox 604 2694 655 2759; x_wconf 79' lang='grc' dir='ltr'><strong><em>καί</em></strong></span> <span class='ocrx_word' id='word_1_95' title='bbox 669 2693 830 2782; x_wconf 70' lang='grc' dir='ltr'><strong><em>περιβολήν</em></strong></span> <span class='ocrx_word' id='word_1_96' title='bbox 844 2691 976 2778; x_wconf 77' lang='grc' dir='ltr'><strong><em>ἔχουσαν</em></strong></span> <span class='ocrx_word' id='word_1_97' title='bbox 988 2733 1030 2743; x_wconf 90' lang='grc'><strong>-</strong></span> <span class='ocrx_word' id='word_1_98' title='bbox 1042 2688 1124 2762; x_wconf 77' lang='grc' dir='ltr'><strong><em>αἰλίν.</em></strong></span> <span class='ocrx_word' id='word_1_99' title='bbox 1148 2733 1183 2746; x_wconf 88' lang='grc'>-</span> <span class='ocrx_word' id='word_1_100' title='bbox 1204 2719 1306 2778; x_wconf 87' lang='grc' dir='ltr'><strong><em>παροι-</em></strong></span> 
     </span>
     <span class='ocr_line' id='line_1_18' title="bbox 316 2811 1305 2902; baseline -0.004 -22"><span class='ocrx_word' id='word_1_101' title='bbox 316 2811 410 2896; x_wconf 84' lang='grc' dir='ltr'><strong><em>βολαί</em></strong></span> <span class='ocrx_word' id='word_1_102' title='bbox 426 2839 490 2879; x_wconf 89' lang='lat' dir='ltr'><strong><em>non</em></strong></span> <span class='ocrx_word' id='word_1_103' title='bbox 509 2829 582 2878; x_wconf 87' lang='lat' dir='ltr'><strong>sunt</strong></span> <span class='ocrx_word' id='word_1_104' title='bbox 592 2823 737 2894; x_wconf 73' lang='lat' dir='ltr'><em>flexiones</em></span> <span class='ocrx_word' id='word_1_105' title='bbox 756 2831 792 2879; x_wconf 89' lang='lat' dir='ltr'><strong><em>ut</em></strong></span> <span class='ocrx_word' id='word_1_106' title='bbox 806 2817 976 2879; x_wconf 83' lang='lat' dir='ltr'>Schaeferus</span> <span class='ocrx_word' id='word_1_107' title='bbox 998 2818 1145 2902; x_wconf 78' lang='lat' dir='ltr'>explicat,</span> <span class='ocrx_word' id='word_1_108' title='bbox 1166 2817 1305 2879; x_wconf 80' lang='lat' dir='ltr'>consera-</span> 
     </span>
     <span class='ocr_line' id='line_1_19' title="bbox 317 2933 1029 3018; baseline 0.001 -23"><span class='ocrx_word' id='word_1_109' title='bbox 317 2947 369 2996; x_wconf 84' lang='lat' dir='ltr'><strong><em>tur</em></strong></span> <span class='ocrx_word' id='word_1_110' title='bbox 389 2933 490 2994; x_wconf 77' lang='lat' dir='ltr'><strong>Moral.</strong></span> <span class='ocrx_word' id='word_1_111' title='bbox 512 2935 583 3014; x_wconf 78' lang='lat' dir='ltr'><strong>Pag.</strong></span> <span class='ocrx_word' id='word_1_112' title='bbox 605 2935 658 3007; x_wconf 80' lang='lat'><strong><em>40,</em></strong></span> <span class='ocrx_word' id='word_1_113' title='bbox 680 2935 713 2994; x_wconf 87' lang='lat' dir='ltr'><strong><em>D.</em></strong></span> <span class='ocrx_word' id='word_1_114' title='bbox 734 2947 762 2994; x_wconf 84' lang='lat' dir='ltr'><strong><em>et</em></strong></span> <span class='ocrx_word' id='word_1_115' title='bbox 783 2935 854 3018; x_wconf 83' lang='lat' dir='ltr'>Pag.</span> <span class='ocrx_word' id='word_1_116' title='bbox 880 2935 974 3008; x_wconf 81' lang='grc'>1094,</span> <span class='ocrx_word' id='word_1_117' title='bbox 996 2937 1029 2995; x_wconf 86' lang='grc' dir='ltr'><strong><em>Β.</em></strong></span> 
     </span>
    </p>
   </div>
   <div class='ocr_carea' id='block_1_7' title="bbox 358 3159 1306 3252">
    <p class='ocr_par' dir='ltr' id='par_1_9' title="bbox 358 3159 1306 3252">
     <span class='ocr_line' id='line_1_20' title="bbox 358 3159 1306 3252; baseline 0 -22"><span class='ocrx_word' id='word_1_118' title='bbox 358 3169 388 3230; x_wconf 88' lang='grc'><strong><em>6.</em></strong></span> <span class='ocrx_word' id='word_1_119' title='bbox 429 3159 506 3232; x_wconf 77' lang='grc' dir='ltr'><strong><em>Εἶτα</em></strong></span> <span class='ocrx_word' id='word_1_120' title='bbox 523 3160 700 3248; x_wconf 75' lang='grc' dir='ltr'><strong><em>θαυμάσιον</em></strong></span> <span class='ocrx_word' id='word_1_121' title='bbox 717 3159 780 3230; x_wconf 84' lang='grc' dir='ltr'><strong><em>οἷον</em></strong></span> <span class='ocrx_word' id='word_1_122' title='bbox 795 3165 816 3252; x_wconf 76' lang='grc' dir='ltr'><strong><em>η’</em></strong></span> <span class='ocrx_word' id='word_1_123' title='bbox 833 3165 941 3252; x_wconf 80' lang='grc' dir='ltr'><strong><em>σελήνη</em></strong></span> <span class='ocrx_word' id='word_1_124' title='bbox 958 3164 1071 3250; x_wconf 75' lang='grc' dir='ltr'><strong><em>λέγεται</em></strong></span> <span class='ocrx_word' id='word_1_125' title='bbox 1085 3163 1306 3232; x_wconf 72' lang='grc' dir='ltr'><strong><em>διαστέλλουσα</em></strong></span> 
     </span>
    </p>
   </div>
   <div class='ocr_carea' id='block_1_8' title="bbox 319 3401 515 3485">
    <p class='ocr_par' dir='ltr' id='par_1_10' title="bbox 319 3401 515 3485">
     <span class='ocr_line' id='line_1_21' title="bbox 319 3401 515 3485; baseline -0.026 0"><span class='ocrx_word' id='word_1_126' title='bbox 319 3401 515 3485; x_wconf 70' lang='grc' dir='ltr'><strong><em>σαφηνίζειν,</em></strong></span> 
     </span>
    </p>
   </div>
   <div class='ocr_carea' id='block_1_9' title="bbox 320 3516 1307 4074">
    <p class='ocr_par' dir='ltr' id='par_1_11' title="bbox 320 3516 1307 4074">
     <span class='ocr_line' id='line_1_22' title="bbox 361 3516 1306 3612; baseline 0 -31"><span class='ocrx_word' id='word_1_127' title='bbox 361 3522 417 3581; x_wconf 83' lang='lat' dir='ltr'><strong><em>Pro</em></strong></span> <span class='ocrx_word' id='word_1_128' title='bbox 436 3519 524 3581; x_wconf 78' lang='lat' dir='ltr'>verbo</span> <span class='ocrx_word' id='word_1_129' title='bbox 540 3516 738 3601; x_wconf 67' lang='grc' dir='ltr'><strong><em>ὑπολαβοῦσα</em></strong></span> <span class='ocrx_word' id='word_1_130' title='bbox 751 3523 1107 3612; x_wconf 30' lang='lat' dir='ltr'>reponendum-videtur,</span> <span class='ocrx_word' id='word_1_131' title='bbox 1128 3522 1209 3605; x_wconf 89' lang='lat' dir='ltr'><strong>quod</strong></span> <span class='ocrx_word' id='word_1_132' title='bbox 1226 3533 1306 3582; x_wconf 83' lang='lat' dir='ltr'><strong>recte</strong></span> 
     </span>
     <span class='ocr_line' id='line_1_23' title="bbox 321 3630 1306 3724; baseline -0.001 -24"><span class='ocrx_word' id='word_1_133' title='bbox 321 3636 493 3700; x_wconf 80' lang='lat' dir='ltr'>schaeferus</span> <span class='ocrx_word' id='word_1_134' title='bbox 511 3640 579 3722; x_wconf 85' lang='lat' dir='ltr'><strong><em>jam</em></strong></span> <span class='ocrx_word' id='word_1_135' title='bbox 604 3661 621 3700; x_wconf 87' lang='lat' dir='ltr'><strong>e</strong></span> <span class='ocrx_word' id='word_1_136' title='bbox 647 3640 753 3701; x_wconf 86' lang='lat' dir='ltr'><strong>Codice</strong></span> <span class='ocrx_word' id='word_1_137' title='bbox 777 3663 801 3699; x_wconf 80' lang='grc' dir='ltr'><strong><em>α</em></strong></span> <span class='ocrx_word' id='word_1_138' title='bbox 826 3641 860 3701; x_wconf 90' lang='lat' dir='ltr'><strong><em>in</em></strong></span> <span class='ocrx_word' id='word_1_139' title='bbox 881 3653 997 3702; x_wconf 81' lang='lat' dir='ltr'><strong>textum</strong></span> <span class='ocrx_word' id='word_1_140' title='bbox 1019 3643 1144 3724; x_wconf 85' lang='lat' dir='ltr'>recepit,</span> <span class='ocrx_word' id='word_1_141' title='bbox 1163 3630 1306 3716; x_wconf 75' lang='grc' dir='ltr'><strong><em>ὑπολάμ-</em></strong></span> 
     </span>
     <span class='ocr_line' id='line_1_24' title="bbox 320 3755 1307 3842; baseline -0.005 -23"><span class='ocrx_word' id='word_1_142' title='bbox 320 3773 422 3819; x_wconf 88' lang='grc' dir='ltr'><strong><em>ποοσα</em></strong></span> <span class='ocrx_word' id='word_1_143' title='bbox 438 3758 457 3816; x_wconf 93' lang='lat' dir='ltr'><strong><em>i.</em></strong></span> <span class='ocrx_word' id='word_1_144' title='bbox 473 3777 498 3816; x_wconf 88' lang='lat' dir='ltr'><strong><em>e.</em></strong></span> <span class='ocrx_word' id='word_1_145' title='bbox 517 3763 695 3818; x_wconf 73' lang='lat' dir='ltr'><strong><em>interiacens.</em></strong></span> <span class='ocrx_word' id='word_1_146' title='bbox 737 3757 817 3834; x_wconf 84' lang='lat' dir='ltr'><strong>Quid</strong></span> <span class='ocrx_word' id='word_1_147' title='bbox 835 3760 934 3842; x_wconf 83' lang='lat' dir='ltr'>aptius</span> <span class='ocrx_word' id='word_1_148' title='bbox 954 3758 1118 3819; x_wconf 72' lang='lat' dir='ltr'>hocloco?</span> <span class='ocrx_word' id='word_1_149' title='bbox 1153 3757 1209 3818; x_wconf 85' lang='lat' dir='ltr'><strong><em>Sed</em></strong></span> <span class='ocrx_word' id='word_1_150' title='bbox 1223 3755 1307 3839; x_wconf 88' lang='lat' dir='ltr'>quod</span> 
     </span>
     <span class='ocr_line' id='line_1_25' title="bbox 322 3873 1306 3959; baseline 0 -25"><span class='ocrx_word' id='word_1_151' title='bbox 322 3875 376 3935; x_wconf 82' lang='lat' dir='ltr'>alii</span> <span class='ocrx_word' id='word_1_152' title='bbox 396 3875 558 3958; x_wconf 78' lang='lat' dir='ltr'><strong>vulgatam</strong></span> <span class='ocrx_word' id='word_1_153' title='bbox 577 3889 692 3939; x_wconf 86' lang='lat' dir='ltr'><strong>tuentes</strong></span> <span class='ocrx_word' id='word_1_154' title='bbox 712 3877 872 3940; x_wconf 85' lang='lat' dir='ltr'>conserunt</span> <span class='ocrx_word' id='word_1_155' title='bbox 892 3879 952 3938; x_wconf 84' lang='lat' dir='ltr'><strong><em>vit.</em></strong></span> <span class='ocrx_word' id='word_1_156' title='bbox 975 3877 1134 3940; x_wconf 68' lang='lat' dir='ltr'><strong>Artaxem.</strong></span> <span class='ocrx_word' id='word_1_157' title='bbox 1158 3875 1228 3959; x_wconf 85' lang='lat' dir='ltr'>Cap.</span> <span class='ocrx_word' id='word_1_158' title='bbox 1248 3873 1306 3946; x_wconf 85' lang='lat'><strong><em>29,</em></strong></span> 
     </span>
     <span class='ocr_line' id='line_1_26' title="bbox 321 3984 1306 4074; baseline -0.002 -22"><span class='ocrx_word' id='word_1_159' title='bbox 321 3991 401 4052; x_wconf 86' lang='lat' dir='ltr'><strong>med.</strong></span> <span class='ocrx_word' id='word_1_160' title='bbox 422 3984 478 4072; x_wconf 72' lang='grc' dir='ltr'><strong><em>τὴν</em></strong></span> <span class='ocrx_word' id='word_1_161' title='bbox 498 3986 626 4055; x_wconf 74' lang='grc' dir='ltr'><strong><em>αὐλαίαν</em></strong></span> <span class='ocrx_word' id='word_1_162' title='bbox 641 3987 819 4074; x_wconf 75' lang='grc' dir='ltr'><strong><em>ν’νιολαβαίν,</em></strong></span> <span class='ocrx_word' id='word_1_163' title='bbox 839 3995 872 4055; x_wconf 91' lang='lat' dir='ltr'><strong><em>id</em></strong></span> <span class='ocrx_word' id='word_1_164' title='bbox 886 3995 988 4056; x_wconf 86' lang='lat' dir='ltr'>minus</span> <span class='ocrx_word' id='word_1_165' title='bbox 1005 3995 1041 4055; x_wconf 84' lang='lat' dir='ltr'><strong><em>ad</em></strong></span> <span class='ocrx_word' id='word_1_166' title='bbox 1056 4015 1129 4056; x_wconf 83' lang='lat' dir='ltr'><strong>rem.</strong></span> <span class='ocrx_word' id='word_1_167' title='bbox 1160 3991 1208 4053; x_wconf 91' lang='lat' dir='ltr'><strong><em>Ibi</em></strong></span> <span class='ocrx_word' id='word_1_168' title='bbox 1222 3994 1306 4052; x_wconf 85' lang='lat' dir='ltr'>enim</span> 
     </span>
    </p>
   </div>
   <div class='ocr_carea' id='block_1_10' title="bbox 321 4098 1307 4198">
    <p class='ocr_par' dir='ltr' id='par_1_12' title="bbox 321 4098 1307 4198">
     <span class='ocr_line' id='line_1_27' title="bbox 321 4098 1307 4198; baseline 0.002 -28"><span class='ocrx_word' id='word_1_169' title='bbox 321 4098 559 4191; x_wconf 71' lang='grc' dir='ltr'><strong><em>ὑπολαμβάνειν,</em></strong></span> <span class='ocrx_word' id='word_1_170' title='bbox 580 4113 604 4172; x_wconf 89' lang='lat' dir='ltr'><strong><em>si</em></strong></span> <span class='ocrx_word' id='word_1_171' title='bbox 625 4124 761 4174; x_wconf 84' lang='lat' dir='ltr'>accurate</span> <span class='ocrx_word' id='word_1_172' title='bbox 777 4113 837 4177; x_wconf 87' lang='lat' dir='ltr'><strong><em>vim</em></strong></span> <span class='ocrx_word' id='word_1_173' title='bbox 851 4114 1080 4198; x_wconf 80' lang='lat' dir='ltr'>praepositionis</span> <span class='ocrx_word' id='word_1_174' title='bbox 1095 4114 1128 4174; x_wconf 90' lang='lat' dir='ltr'><strong><em>in</em></strong></span> <span class='ocrx_word' id='word_1_175' title='bbox 1143 4113 1307 4196; x_wconf 79' lang='lat' dir='ltr'>composito</span> 
     </span>
    </p>
   </div>
   <div class='ocr_carea' id='block_1_11' title="bbox 0 0 1521 5080">
    <p class='ocr_par' dir='ltr' id='par_1_13' title="bbox 0 0 1521 5080">
     <span class='ocr_line' id='line_1_28' title="bbox 0 0 1521 5080; baseline 0 0"><span class='ocrx_word' id='word_1_176' title='bbox 0 0 1521 5080; x_wconf 95' lang='lat' dir='ltr'><strong><em> </em></strong></span> 
     </span>
    </p>
   </div>
  </div>
 </body>
</html>
