3022 5080
641 539 797 605 ..9-

221 722 332 784 deinde
355 721 430 806 quid
450 744 535 805 agere
556 725 657 806 potuit
676 725 800 800 Aratus,
822 724 845 782 si
868 725 957 806 pauci
979 735 1099 787 tantum
1117 727 1207 790 amici

222 843 249 901 ei
275 842 377 902 decem
412 842 489 901 viros
517 840 731 925 praebuissent.
770 878 806 886 -—
836 841 914 916 Quid
940 853 1040 902 autem
1063 865 1118 925 pro
1143 845 1207 906 istis

221 959 439 1022 restituendum
462 961 501 1020 sit
519 970 747 1042 perscrutemur.
794 959 823 1018 st
845 959 934 1019 amici
955 971 985 1020 et
1004 959 1140 1042 hospites.
1156 984 1207 1044 pa·

222 1075 299 1134 terni
319 1096 407 1157 opem
429 1075 521 1135 Arato
542 1074 696 1145 tulissent,
721 1095 786 1134 non
812 1075 913 1157 potuit
932 1097 996 1135 non
1014 1077 1207 1156 Plutarchus,

221 1193 294 1274 quia
321 1194 356 1252 in
384 1204 471 1253 tanto
497 1193 671 1253 discrimine
700 1191 792 1252 fidem
823 1213 936 1253 serrare
959 1216 1105 1276 magnum
1128 1209 1206 1270 erat,

221 1333 269 1372 eos
289 1311 396 1372 diserte
414 1332 578 1372 memorare
596 1322 632 1370 ut
646 1322 676 1371 et
690 1332 779 1392 supra
795 1323 1022 1386 commemorat,
1037 1313 1208 1374 conseratur

222 1427 294 1513 Cap.
316 1429 373 1489 111.
394 1431 464 1490 init.
508 1420 699 1511 Τρεφίμενος
718 1424 754 1489 δὲ
770 1421 855 1511 cupri
868 1430 931 1500 τοῖς
949 1427 982 1490 ἐν
994 1431 1099 1512 Ἀργει
1114 1425 1208 1504 ξένοις

220 1541 272 1609 καὶ
293 1541 388 1623 φίλαις
403 1536 552 1632 πατρῴοις
579 1557 608 1606 et
637 1545 707 1628 Cap.
728 1547 779 1607 IV.
801 1545 857 1605 fin.
897 1542 1011 1628 'Neque
1041 1568 1109 1606 vero
1135 1549 1207 1608 veri·

220 1661 320 1722 simile
336 1663 454 1724 videtur
475 1663 585 1724 amicos
604 1673 634 1722 et
655 1660 786 1744 hospites
800 1671 940 1744 paternos
959 1673 1033 1722 tunc
1048 1662 1207 1724 deseruisse

192 1817 195 1826 ·
219 1779 360 1851 Aratum,
386 1781 556 1841 conseratur
580 1780 666 1840 locus
695 1780 785 1840 modo
819 1781 942 1839 citatus:
969 1768 1148 1842 ιλποπτειίαν
1172 1777 1208 1842 δὲ

221 1897 382 1980 (Nicocles)
405 1899 470 1968 τοῖς
492 1898 666 1976 βασιλεῦσιν
690 1890 784 1958 oriris
805 1891 1001 1976 διαλέγεσθαι
1024 1893 1123 1978 φίλοις
1139 1873 1207 1960 οὖσι

219 2011 271 2082 καὶ
287 2009 381 2085 ξένοις
392 2005 549 2098 πατρρίοις.
583 2009 649 2072 Καὶ
664 2006 720 2092 yria
735 2007 863 2092 ἀληθεῖς
874 2009 1025 2092 όἈρατος
1036 2010 1208 2096 ἐπεχείρησε

220 2124 276 2213 τήν
299 2124 372 2190 tadu
388 2126 501 2210 ἐκείνην
517 2123 660 2208 βαδίζειν.
679 2122 738 2189 κτὲ.
777 2128 997 2209 Reponendum
1017 2131 1112 2212 igitur
1129 2132 1205 2192 mihi

221 2247 339 2308 videtur
353 2243 451 2330 prote
468 2240 576 2326 ὀλίγων
593 2241 654 2306 καὶ
674 2238 790 2318 ξένων
812 2246 1014 2330 πατρικῶν.
1036 2249 1206 2311 Promiscue

220 2365 302 2426 enim
318 2363 513 2436 Plutarchus,
534 2385 722 2446 quamquam
737 2365 857 2446 proprie
871 2386 910 2424 scr
916 2363 996 2458 ibere
1009 2363 1114 2426 debuit
1128 2362 1206 2439 ξέναι

220 2477 372 2564 πατρικοί,
398 2481 560 2540 confundit
583 2481 692 2541 formas
713 2483 850 2568 πατρῷος
871 2493 900 2542 et
921 2473 1069 2564 πατρικίς.
1103 2485 1206 2547 Conse·

219 2611 303 2660 ratur
320 2599 420 2681 Pelop.
440 2599 511 2680 Pag.
534 2597 612 2669 294,
629 2599 663 2659 B.
706 2595 859 2679 Θηβαίους
875 2596 910 2661 δὲ
927 2597 1089 2685 πατρικοῖς
1099 2600 1207 2684 φίλους

220 2711 410 2794 νομίζεσθαι.
442 2716 567 2776 Eumen.
594 2716 664 2797 Pag.
687 2715 761 2784 583,
782 2719 814 2776 Β.
846 2712 898 2777 τίνα’
916 2717 1013 2788 ξενίαν
1032 2717 1083 2780 καὶ
1103 2719 1206 2800 φιλίαν

221 2823 375 2919 πατρῴαν.
394 2833 497 2914 Pomp.
519 2833 589 2913 Pag.
613 2831 688 2908 659,
710 2833 740 2892 F.
769 2827 870 2913 φιλίας
889 2827 991 2894 δὲκαὶ
1006 2827 1129 2914 χάριτος
1146 2858 1206 2897 ποι-

220 2939 318 3036 τρρίας
341 2941 507 3030 α’πόχρεαν.
550 2950 611 3010 Cat.
637 2949 709 3010 Min.
735 2951 804 3032 Peg.
826 2950 902 3024 760,
926 2952 956 3013 F.
997 2945 1084 3032 ἔτυχε
1103 2949 1139 3014 δὲ
1155 2951 1205 3016 κοιλ

220 3065 308 3150 φίλος
327 3059 371 3132 civ
390 3063 408 3131 α’
428 3065 550 3143 Σύλλας
567 3063 708 3152 πατρικδς
727 3064 839 3142 αὐτοῖς.

264 3304 311 3366 13.
351 3295 404 3375 atta
423 3297 483 3364 ἔδει
508 3299 583 3384 πρός
609 3299 662 3364 τόν
690 3297 841 3384 κηπουρὸν
862 3297 1030 3384 ἀφικέσθαι
1050 3301 1207 3379 σκοταίους

221 3413 392 3502 φάσκοντας
407 3411 582 3503 ὁδοιπόρους
604 3411 679 3480 εἶναι
698 3417 749 3480 καλ
766 3413 1041 3500 καταυλισαμένους
1062 3416 1155 3486 αὐτόν
1174 3445 1205 3486 τε

221 3540 444 3620 συγκλεῖσαι
465 3533 514 3598 καὶ
535 3530 606 3610 τοῖς
626 3531 726 3610 κείνας·

261 3658 318 3716 Pro
338 3657 508 3736 συγκλεῖσαι
528 3655 736 3738 reponendum
757 3653 833 3716 mihi
855 3658 972 3717 videtur
987 3655 1142 3738 ἐγκλεῖσαι.
1163 3661 1204 3722 lte

214 3774 342 3855 propria
368 3769 590 3855 significatione
618 3771 699 3832 verbi
727 3769 885 3853 συγκλείειν
910 3787 1121 3856 comparentur
1142 3776 1203 3838 loci

221 3890 357 3972 Xenoph.
377 3891 493 3952 Memor.
509 3891 539 3960 I,
555 3889 588 3962 t,
604 3890 633 3950 6.
674 3885 814 3974 βλέφαρα
828 3889 862 3952 ἒν
874 3891 919 3978 τρῖ
930 3880 1204 3979 ιλπνρνουμιλειλται

217 4009 371 4089 palpebrae
391 4015 568 4091 clamitantur.
605 4009 684 4070 Plut.
711 4011 795 4070 Brut.
823 4011 896 4092 Pag.
923 4011 1015 4084 1009,
1038 4013 1070 4072 Ι).
1105 4005 1204 4091 στόμα

221 4122 379 4208 συγκλείειν
401 4126 453 4188 ubi
476 4129 555 4186 labra
578 4127 680 4187 Pericl.
704 4129 773 4208 Pag.
798 4127 869 4197 170,
892 4129 924 4188 Ι).
967 4122 1002 4192 τί
1021 4120 1099 4190 ἄστυ
1119 4148 1203 4207 συγκ.
