3022 5080
725 514 904 574 ..10-

321 699 374 760 ubi
393 716 494 778 portae
514 699 629 759 Andoc.
646 701 677 771 l,
699 698 749 760 48.
791 693 826 760 td
846 689 1050 780 δεσμωτήριον
1070 697 1123 757 ubi
1147 705 1241 756 valvae
1262 699 1308 756 in·

321 817 512 916 telliguntur«
543 850 581 864 -·
610 811 763 896 Ἓγκλεάιν
783 819 903 899 proprie
922 813 1077 896 significat
1098 819 1241 873 includere
1261 815 1309 874 vel

321 936 355 994 in
376 934 542 1006 custodiam
565 934 612 994 vel
627 936 661 993 in
676 933 826 1020 conclave.
856 933 923 994 vid.
935 933 1013 993 Plut.
1024 932 1103 991 caes.
1115 932 1185 1013 Pag.
1197 931 1307 1004 714‚B.

320 1043 541 1132 ἐγκλεισάμενος
568 1045 650 1112 οἴκοι.
696 1051 981 1122 Ιιοοιιίοπίὶεείαιααι
1008 1061 1107 1108 autem
1134 1048 1309 1130 exemplum

321 1169 441 1252 praebet
454 1168 586 1252 huj.Vit.
597 1170 667 1251 Gap.
675 1189 734 1251 seq.
743 1169 819 1229 med.
839 1163 893 1230 τάν
905 1162 941 1228 δὲ
954 1161 1105 1248 κῆπουράν
1113 1155 1308 1245 ἐγκεκλεικώς.

361 1402 410 1462 21.
452 1389 505 1478 ἀμ’
524 1395 623 1488 ῆμὲρρ
643 1397 804 1484 προελθών
823 1401 885 1464 καὶ
905 1397 1065 1486 φανερός
1085 1391 1133 1463 ἀν
1154 1399 1188 1463 ἓν
1203 1396 1308 1486 ἀγορρῖ

320 1514 445 1602 διέτριβε
463 1513 542 1598 μετά
559 1520 622 1583 ταῖν
641 1517 749 1601 φίλων·

361 1631 487 1720 φανιράς
506 1638 549 1700 ὥν
567 1631 693 1720 ἀιίτριβε
714 1641 859 1699 Graecum
881 1661 944 1698 non
965 1649 1021 1709 est,
1044 1637 1094 1696 sed
1109 1637 1216 1698 Graece
1232 1637 1307 1702 dici·

321 1765 370 1813 tur
384 1767 437 1814 aut
453 1755 589 1837 φανεραῖς
601 1748 725 1837 διέτριβε
747 1769 801 1816 aut
823 1749 950 1838 φανεράς
965 1746 1004 1838 ῆν
1019 1751 1192 1838 διατρίβων.
1212 1756 1308 1815 Corri-

319 1871 454 1953 gendum
472 1873 567 1956 igitur
596 1873 648 1934 hic
669 1875 806 1955 φανερῶς
820 1871 856 1934 ἐν
872 1869 975 1960 ἀγορρι·
994 1868 1128 1955 διέτριβε.
1154 1909 1194 1922 -
1217 1875 1307 1933 Porro

319 1991 482 2072 diogndum
513 2003 566 2052 aut
594 1992 733 2074 προῆλθε
753 1989 803 2054 καὶ
831 1985 957 2074 διέτριβε
982 2004 1048 2068 aut,
1077 1990 1160 2074 quod
1185 1989 1306 2062 melius,

319 2103 480 2192 προελθιάν
499 2103 633 2191 διέτριβε.
674 2111 814 2170 Deleatur
836 2112 930 2191 igitur
951 2110 1101 2192 particula
1121 2103 1179 2169 καί.

360 2343 409 2404 23.
449 2335 635 2424 παραλαβών
653 2362 736 2415 τινας
754 2340 788 2404 ἓν
803 2343 859 2424 τῆς
873 2338 1060 2425 παλαίστρας
1075 2342 1138 2404 τῶν
1151 2337 1307 2404 εἰωθότων

318 2456 412 2521 πίνειν
432 2456 482 2520 καὶ
495 2457 650 2545 ῥᾳθυμεῖν
662 2455 725 2538 μετ’
739 2455 836 2522 αὐτοῦ
851 2455 1010 2522 νεανίσκων
1033 2455 1176 2543 ἀπῆρεν
1193 2453 1304 2520 οἴκαδε·

360 2577 491 2636 Sintenis
520 2575 640 2637 dubitat
665 2599 704 2636 an
730 2599 785 2660 pro
803 2573 917 2660 ἀπῆρεν
938 2577 1101 2660 legendum
1122 2580 1161 2638 sit
1182 2571 1305 2658 ἀπῆγεν.

319 2695 362 2753 Ne
380 2691 518 2754 dubitare
534 2693 659 2777 quidem
677 2693 805 2756 debehat
822 2696 857 2754 in
877 2705 993 2755 textum
1015 2696 1152 2777 recipere.
1192 2689 1308 2776 ἀπῆρεν

318 2803 420 2871 οἶκαδε
450 2813 533 2871 enim
563 2813 740 2873 scriberetur
763 2783 899 2884 tantuin,
927 2814 951 2872 si
978 2835 1016 2873 ex
1045 2813 1153 2872 itinere
1180 2811 1306 2872 domum

321 2925 424 2986 abiret.
466 2927 642 2987 Conferatur
657 2929 763 2990 Pericl.
779 2928 931 3010 Pag.163,
946 2931 978 2989 E.
1019 2925 1136 3014 ἀπῆρεν
1153 2923 1306 3006 ἕπόἴιιου,

319 3044 454 3127 Xenoph.
485 3044 582 3106 Anah.
614 3048 687 3118 VII,
718 3047 754 3123 6,
787 3047 839 3108 33.
886 3041 992 3130 ἀπῆρα
1017 3041 1128 3109 οἴκαδε.
1156 3046 1305 3110 Demosth.

319 3163 460 3240 XXXIII,
479 3163 529 3224 33.
571 3157 743 3246 ἀπάραντος
766 3157 889 3238 οἴκαδε,
914 3164 992 3224 Plut.
1017 3164 1100 3226 Thes.
1122 3165 1191 3245 Pag.
1213 3165 1248 3236 3,
1269 3165 1305 3226 D.

318 3277 359 3352 εἷς
377 3276 501 3342 Λυδίαν
518 3275 624 3364 ἀπῆρε.

704 3572 810 3630 CAP.
853 3571 919 3631 VII.

359 3763 387 3822 2.
427 3757 465 3822 Ὁ
493 3758 522 3822 δ’
534 3764 661 3844 Ἄρατος
684 3755 780 3836 εάθάς
806 3759 882 3840 μετ’
906 3767 1068 3847 ἄριστον
1091 3757 1228 3837 ἒξελθάν
1253 3762 1305 3826 καὶ

318 3875 458 3958 συνάψας
483 3873 556 3961 πράς
579 3874 631 3942 τάν
656 3873 859 3962 Πολυγνώτου
886 3874 999 3965 πύργον
1023 3886 1085 3956 τοῖς
1106 3875 1302 3967 στρατιώταις

317 3995 359 4068 εἰς
387 3993 510 4076 Νεμέαν
542 3999 722 4080 προῆγεν,
758 3989 834 4063 ὅπου
868 3995 924 4083 τῆν
955 4001 1063 4084 πρᾶξιν
1089 3995 1213 4084 ἐξέφηνε
1240 4003 1303 4074 τοῖς

318 4117 449 4188 πολλοῖς.
