3022 5080
602 533 716 624 7-9l
745 568 790 581 -

244 709 349 789 διδοιίς
367 716 492 798 πεῖρανί
534 717 606 791 Quis
625 738 763 799 unquam
782 717 838 776 ista
851 717 1056 778 intellexerit?
1089 717 1187 780 Offen-

203 835 291 894 dunt.
311 834 455 916 Gorrupta
473 844 554 894 suut.
576 833 741 916 Cujusnam
755 836 796 894 rei
816 835 966 928 operimen
984 835 1073 896 edens
1087 857 1186 916 regem

203 951 260 1013 sibi
285 953 382 1033 magis
404 951 565 1012 devinxit?
608 952 719 1027 Quodsi
745 963 846 1014 autem
867 953 1028 1035 diligenter
1048 975 1186 1036 perscru-

202 1081 299 1131 temur
321 1091 383 1153 qua
414 1071 531 1128 ratione
551 1090 649 1152 regem
671 1067 727 1128 sibi
750 1071 845 1151 magis
871 1069 1022 1130 devincire
1039 1071 1184 1152 potuerit,

202 1185 285 1246 nihil
303 1187 402 1268 aptius
418 1183 478 1244 hoc
496 1184 756 1267 locoreperiarnus
773 1187 905 1268 quamsi
924 1187 1023 1268 ipsum
1041 1207 1184 1247 convene-

106 1269 111 1278 1
201 1305 250 1363 rit.
275 1299 473 1362 scribendum
493 1302 587 1383 igitur
605 1300 732 1362 arbitror
745 1324 799 1384 pro
815 1299 983 1363 ΔΙΔΟΥΣ
992 1301 1182 1365 ΠΕΙΡΑΝε

202 1420 376 1482 ΔΙΑΒΑΣ
392 1419 552 1482 ΠΕΡΑΝ
572 1420 638 1482 scil.
654 1417 698 1492 εἰς
711 1415 885 1501 Αἴγυπτον,
906 1421 990 1504 quod
1008 1432 1111 1481 tamen
1133 1421 1184 1481 ad-

201 1539 269 1599 dere
296 1557 548 1622 supervacaneum
576 1549 651 1615 erat;
680 1539 754 1620 quia
781 1537 850 1597 luce
872 1538 983 1598 clarius
1008 1559 1046 1598 ex
1064 1547 1185 1597 antece·

201 1655 344 1717 dentibus
366 1668 503 1739 apparet3
532 1654 702 1715 conseratur
729 1656 811 1715 enim
834 1653 916 1738 quod
936 1654 1016 1714 idem
1036 1654 1115 1715 valet
1135 1675 1183 1716 πε-

200 1770 343 1858 ραιωθείς
367 1770 409 1846 εἰς
430 1767 588 1854 Αἴγυπτον
614 1773 684 1855 Cap.
706 1773 779 1850 ΧΠ,
800 1773 855 1833 fin.
898 1771 1026 1833 Accedat
1045 1771 1182 1832 luculen-

201 1903 266 1951 tum
290 1891 462 1973 exemplum
489 1890 624 1974 Xenoph.
651 1891 748 1950 Anah.
773 1891 847 1964 llll,
875 1892 895 1951 2
925 1891 947 1974 δ
970 1891 1000 1951 2.
1041 1887 1183 1969 διαβῆναι

199 2001 295 2088 πίραν
311 2005 353 2079 είς
366 2001 423 2088 τήν
437 2001 564 2082 Ἀσίαν,
585 2007 668 2088 quod
687 2005 762 2066 ibid.
779 2006 800 2088 ς
817 2007 863 2066 12.
883 2005 952 2065 aliis
970 2003 1066 2066 verbis
1085 2007 1182 2088 expri-

201 2123 295 2183 mitur
314 2122 516 2205 περαιοῦσθαι
531 2119 571 2195 είς
589 2115 646 2204 τήν
662 2115 780 2184 Ἀσίαν.
884 2151 886 2155 ,
1003 2209 1006 2216 ἢ

644 2289 742 2298 ——.-

576 2411 637 2472 ct
652 2411 684 2470 P.
727 2410 803 2470 xlv.

242 2597 268 2655 l.
302 2585 366 2656 Ἦν
384 2592 442 2674 μὲν
463 2585 517 2658 οὖν
530 2592 610 2678 μέγα
628 2595 679 2658 καί
693 2592 731 2659 to*
749 2591 893 2678 χρήματα
910 2599 1045 2661 τοσαῦτα
1062 2595 1186 2680 πορίσαι

197 2714 259 2784 τοῖς
269 2708 415 2785 πολίταις.
430 2757 436 2768 .
450 2759 477 2772 ..
501 2709 644 2792 μείζων
664 2709 693 2774 δ
707 2709 729 2795 ἡ
744 2707 796 2774 daei
811 2714 874 2776 τῶν
887 2699 1054 2797 χρημάτων
1067 2707 1183 2779 τούτων

197 2829 531 2892 κατασκευασθεῖσα...
546 2877 552 2890 .
580 2823 717 2904 διάλυσις

238 2947 295 3007 Pro
320 2943 434 3025 μείζων
460 2949 669 3031 reponendum
693 2949 825 3021 videtur,
843 2951 927 3032 quod
948 2952 1180 3036 superscriptum

197 3067 288 3130 habet
307 3070 378 3131 Cod.
399 3072 432 3131 B.
449 3073 635 3155 correxitque
648 3073 793 3151 Reislrius‚
805 3071 910 3151 μεῖζον
913 3097 928 3148 ,·
949 3087 991 3136 est
1003 3077 1086 3138 enim
1098 3100 1180 3161 prae·

197 3185 332 3247 dicatum
350 3186 418 3272 τῆς.
432 3232 439 3246 .
453 3232 481 3247 ..
509 3179 691 3266 διαλείσεως,
711 3191 891 3252 subauditur
910 3193 1026 3274 χρῆμα.

240 3419 286 3480 17.
308 3416 427 3480 Βουλαί
436 3415 493 3499 μὲν
506 3419 557 3482 καί
569 3411 684 3498 detta,
699 3420 750 3485 καί
763 3419 785 3483 οἱ
797 3420 864 3505 περί
875 3417 1023 3498 Ἑλλάδος
1036 3413 1117 3488 α’λκεί

353 3537 442 3601 Τοῦδ
455 3534 564 3624 οίνδρδς
581 3533 707 3615 στοίλαις
724 3535 876 3604 πλάθεται
894 3537 1088 3626 Ἡρακλέους·

301 3658 424 3736 Ἀμμες
436 3651 465 3717 δ’
476 3652 573 3732 εἰκόν’,
579 3660 704 3741 Ἀρατε,
716 3652 787 3721 τεοίν
799 3653 915 3721 νόστοιο
927 3649 1068 3742 τυχόντες

347 3768 507 3853 Στοίσαμεν
519 3769 583 3837 ἄντ’
594 3770 702 3857 οἷρετοῖς
714 3771 770 3858 ἠδὲ
783 3769 973 3850 δικαιοσύνας

303 3891 445 3974 Σωτῆρος
457 3891 589 3976 σωτῆρσι
603 3889 705 3968 Θεοῖς,
723 3879 768 3954 δτι
780 3887 901 3976 πατρίδι
914 3893 963 3980 τρι·
973 3891 1023 3981 αρ’

344 4003 475 4088 Δαίμον’
486 4003 552 4072 ἴσον
564 4006 653 4072 θείαν
665 4005 692 4073 τ’
703 4012 829 4084 ὤπασας
841 4005 990 4089 εὐνομίαν.

236 4127 289 4186 llic
327 4125 472 4190 habemus
504 4128 632 4210 elegiam
663 4127 875 4211 Epiro-Dorica
906 4129 1035 4190 dialecto
1064 4150 1183 4210 compo·
