3022 5080
770 553 939 618 ...65-

811 739 887 800 XXI.

293 891 296 900 ⁴
401 861 481 936 Quae
508 861 648 921 Isocrates
669 857 745 920 ibid.
767 859 804 920 de
824 857 923 919 officio
945 858 1138 941 imperatorio
1158 867 1190 918 et
1210 875 1243 915 re
1264 853 1341 914 mili-

360 975 416 1036 tari
449 975 582 1060 disputat
610 977 743 1037 eiusdem
775 977 890 1059 generis
918 975 1060 1036 videntur
1087 985 1180 1058 atque
1211 993 1247 1032 ea
1273 990 1342 1054 quae

360 1093 502 1156 Phormio
522 1093 663 1156 audiente
682 1091 852 1154 Hannibale
875 1093 994 1177 copiose
1014 1093 1125 1153 dicitur
1146 1090 1325 1152 disseruisse.

806 1211 899 1271 XXII.

399 1327 511 1389 Eodem
537 1326 644 1388 iudicii
669 1347 765 1388 errore
786 1327 925 1388 disseruit
944 1327 1029 1387 Idem
1051 1327 1090 1386 ad
1110 1325 1292 1410 Philippum
1311 1322 1344 1381 de

360 1445 474 1506 rationi
495 1443 568 1506 belli
588 1443 723 1506 barbaris
743 1444 909 1516 inferendi,
936 1453 966 1504 et
994 1444 1161 1504 amicorum
1186 1443 1266 1504 bene
1287 1461 1343 1501 mo-

359 1565 502 1626 nentium
522 1564 571 1641 (iu
591 1559 733 1647 Philippo
753 1561 784 1644 5.
807 1561 845 1622 19
866 1561 946 1645 sqq.)
966 1561 1093 1621 consilia
1115 1561 1237 1643 sprevit.

799 1677 908 1738 XXIII.

400 1793 479 1856 Ibid.
499 1794 612 1877 §.136
635 1796 770 1856 insiticia
796 1805 868 1855 sunt
888 1793 976 1854 verba
1004 1784 1148 1875 ὃμηδεοί
1167 1795 1233 1857 τῶν
1248 1793 1343 1854 ἄλλων

359 1903 590 1996 διαπράξασθαι
609 1908 806 1994 συμβέβηκεν.

800 2031 903 2092 XXIV.

400 2151 491 2234 Saepe
511 2151 654 2212 isocrates
675 2150 832 2212 Platonem
853 2171 918 2211 non
938 2153 1132 2212 nominatum
1147 2151 1245 2228 rodit,
1263 2148 1342 2210 utin

359 2266 502 2352 Philippo
522 2268 552 2351 5
573 2269 610 2329 14
632 2263 700 2330 ἀλλ’
717 2266 830 2347 ὁμοίοις
848 2265 878 2330 οἱ
897 2269 1027 2331 τοιοῦτοι
1046 2270 1107 2332 τῶν
1127 2262 1227 2351 λόγων
1246 2273 1344 2347 ἄκυροι

357 2375 558 2462 τυγχάνουσιν
577 2388 658 2458 ὄντες
676 2388 740 2458 τοῖς
758 2377 861 2462 νόμοις
881 2384 931 2446 καὶ
951 2389 1020 2458 ταῖς
1033 2383 1191 2460 πολιτείαις
1203 2390 1273 2460 ταῖς
1287 2377 1344 2446 ὑπό

357 2502 420 2562 τῶν
446 2501 581 2581 σοφιςοῖν
606 2493 823 2582 γεγραμμέναις
850 2515 879 2564 et
901 2505 936 2564 in
954 2505 1081 2565 Helenae
1100 2507 1247 2567 Eucomio
1268 2503 1296 2586 5
1318 2502 1342 2560 l·

357 2615 418 2680 εἶσί
441 2641 515 2694 τινες
542 2657 559 2668 -
587 2617 616 2682 οἳ
642 2615 896 2705 καταγεγηρείκασι
927 2663 962 2669 -
992 2616 1145 2697 διεξιόντες
1164 2619 1206 2697 οἷς
1227 2615 1343 2704 ἀνδρεία

356 2735 407 2798 καί
427 2737 521 2822 σοφία
541 2737 591 2800 καί
611 2733 785 2824 δικαιοσύνη
805 2736 916 2804 σαυτόν
937 2740 1016 2817 ἒςιν,
1040 2742 1152 2826 quibus
1181 2742 1257 2802 locis
1278 2756 1343 2800 cum

358 2868 513 2918 contemtu
532 2858 647 2941 dialogi
669 2859 804 2920 Platonis
824 2861 1035 2920 traducuntur.

811 2977 897 3036 XXV.

399 3094 436 3153 In
458 3093 595 3154 Isocratis
616 3095 751 3154 oratione
771 3089 845 3174 πρός
864 3087 1039 3179 Δημίοιιιον
1058 3094 1147 3178 511
1170 3092 1299 3158 ἐπιλίποι
1315 3083 1343 3148 d'

357 3215 394 3270 dv
413 3205 496 3291 ἡμᾶς
515 3207 532 3270 ὁ
553 3209 613 3284 πᾶς
636 3201 744 3292 χρόνος
763 3208 788 3270 εἰ
809 3201 910 3283 παίσας
928 3204 983 3284 τοὶς
1003 3207 1115 3276 ἐκείνου
1136 3207 1256 3294 πράξεις
1276 3231 1342 3274 κατ-

358 3323 626 3408 αριθμησαίμεθα,
637 3330 862 3390 emendandum
876 3330 1103 3411 καταριθμῆσαι
1118 3327 1341 3412 [βουλώμεθα.

803 3449 905 3506 XXVI.

413 3560 477 3621 bid.
492 3563 516 3642 5.
531 3563 579 3622 29.
600 3561 708 3644 μηδενὶ
723 3559 884 3648 συμφορὰν
897 3560 1054 3652 ὀνειδίσῃς*
1066 3561 1149 3650 notra*
1160 3559 1217 3650 γοῖρ
1230 3562 1252 3650 η’
1265 3555 1341 3642 τείχη

358 3677 408 3743 καὶ
415 3676 450 3744 τί
457 3675 570 3760 μίλλοο
580 3674 717 3763 ἀόρατον.
727 3685 873 3744 Vitiosum
886 3693 927 3745 est
938 3679 1073 3767 α’όρατον,
1083 3687 1209 3748 emenda
1218 3677 1341 3767 οἷόριςον.

795 3803 913 3862 XXVII.

397 3915 477 3978 Ibid.
499 3918 529 4000 5.
550 3919 600 3979 69.
642 3917 736 4000 δῆλον
755 3913 813 4002 yde
833 3916 875 3992 οἷς
888 3916 906 3982 o‘
918 3915 1016 4003 μηδὲν
1029 3909 1073 3983 aiv
1089 3916 1179 3994 ου’τὸς
1195 3913 1340 4002 χρήσιμος

356 4027 423 4094 uv'd’
443 4025 481 4094 dv
501 4037 592 4095 ἄλλον
611 4027 756 4116 φρόνιμον
776 4029 921 4119 παίσειεν
926 4083 937 4113 ,
966 4039 1181 4122 interpolatum
1202 4051 1246 4100 est
1265 4027 1340 4120 χρή·

358 4171 445 4229 σιμος
465 4163 493 4212 et
514 4151 687 4214 dolendum.
