<?xml version="1.0" encoding="UTF-8"?>
<!DOCTYPE html PUBLIC "-//W3C//DTD XHTML 1.0 Transitional//EN"
    "http://www.w3.org/TR/xhtml1/DTD/xhtml1-transitional.dtd">
<html xmlns="http://www.w3.org/1999/xhtml" xml:lang="en" lang="en">
 <head>
  <title>
</title>
<meta http-equiv="Content-Type" content="text/html;charset=utf-8" />
  <meta name='ocr-system' content='tesseract 3.04.00' />
  <meta name='ocr-capabilities' content='ocr_page ocr_carea ocr_par ocr_line ocrx_word'/>
</head>
<body>
  <div class='ocr_page' id='page_1' title='image "./specimenlittara00zeitgoog_0028.png"; bbox 0 0 3022 5080; ppageno 0'>
   <div class='ocr_carea' id='block_1_1' title="bbox 615 537 790 598">
    <p class='ocr_par' dir='ltr' id='par_1_1' title="bbox 615 537 790 598">
     <span class='ocr_line' id='line_1_1' title="bbox 615 537 790 598; baseline 0.011 -14"><span class='ocrx_word' id='word_1_1' title='bbox 615 537 790 598; x_wconf 77' lang='grc'>..17-</span> 
     </span>
    </p>
   </div>
   <div class='ocr_carea' id='block_1_2' title="bbox 207 713 1194 911">
    <p class='ocr_par' dir='ltr' id='par_1_2' title="bbox 207 713 1194 911">
     <span class='ocr_line' id='line_1_2' title="bbox 207 713 1194 803; baseline -0.005 -19"><span class='ocrx_word' id='word_1_2' title='bbox 207 715 314 802; x_wconf 73' lang='grc' dir='ltr'><strong><em>φιυνήν</em></strong></span> <span class='ocrx_word' id='word_1_3' title='bbox 340 713 492 800; x_wconf 81' lang='grc' dir='ltr'><strong><em>άφιίντος,</em></strong></span> <span class='ocrx_word' id='word_1_4' title='bbox 522 714 651 803; x_wconf 71' lang='grc' dir='ltr'><strong><em>ἐραστής</em></strong></span> <span class='ocrx_word' id='word_1_5' title='bbox 679 713 819 798; x_wconf 76' lang='grc' dir='ltr'><strong><em>ὁμονοίας</em></strong></span> <span class='ocrx_word' id='word_1_6' title='bbox 843 713 946 780; x_wconf 76' lang='grc' dir='ltr'><strong><em>ἐθνῶν</em></strong></span> <span class='ocrx_word' id='word_1_7' title='bbox 970 715 1020 778; x_wconf 78' lang='grc' dir='ltr'><strong><em>καί</em></strong></span> <span class='ocrx_word' id='word_1_8' title='bbox 1043 713 1194 792; x_wconf 81' lang='grc' dir='ltr'><strong><em>κοινωνίας</em></strong></span> 
     </span>
     <span class='ocr_line' id='line_1_3' title="bbox 207 829 842 911; baseline -0.005 -13"><span class='ocrx_word' id='word_1_9' title='bbox 207 829 323 910; x_wconf 82' lang='grc' dir='ltr'><strong><em>πόλεων</em></strong></span> <span class='ocrx_word' id='word_1_10' title='bbox 340 832 382 911; x_wconf 85' lang='grc' dir='ltr'><strong><em>ῶς</em></strong></span> <span class='ocrx_word' id='word_1_11' title='bbox 400 830 520 910; x_wconf 83' lang='grc' dir='ltr'><strong><em>οόδενδς</em></strong></span> <span class='ocrx_word' id='word_1_12' title='bbox 538 837 633 898; x_wconf 75' lang='grc' dir='ltr'><strong><em>ἄλλου</em></strong></span> <span class='ocrx_word' id='word_1_13' title='bbox 652 834 715 897; x_wconf 79' lang='grc' dir='ltr'><strong><em>τῶν</em></strong></span> <span class='ocrx_word' id='word_1_14' title='bbox 732 833 842 896; x_wconf 85' lang='grc' dir='ltr'><strong><em>καλῶν.</em></strong></span> 
     </span>
    </p>
   </div>
   <div class='ocr_carea' id='block_1_3' title="bbox 202 1061 1234 3720">
    <p class='ocr_par' dir='ltr' id='par_1_3' title="bbox 206 1061 1193 1384">
     <span class='ocr_line' id='line_1_4' title="bbox 247 1061 1193 1159; baseline -0.006 -25"><span class='ocrx_word' id='word_1_15' title='bbox 247 1073 277 1134; x_wconf 91' lang='grc'><strong><em>8.</em></strong></span> <span class='ocrx_word' id='word_1_16' title='bbox 317 1066 441 1159; x_wconf 78' lang='grc' dir='ltr'><strong><em>πολέμῳ</em></strong></span> <span class='ocrx_word' id='word_1_17' title='bbox 458 1069 508 1134; x_wconf 81' lang='grc' dir='ltr'><strong><em>καί</em></strong></span> <span class='ocrx_word' id='word_1_18' title='bbox 528 1065 621 1152; x_wconf 88' lang='grc' dir='ltr'><strong><em>α’γῶνι</em></strong></span> <span class='ocrx_word' id='word_1_19' title='bbox 642 1061 823 1153; x_wconf 85' lang='grc' dir='ltr'><strong><em>χρήσασθαι</em></strong></span> <span class='ocrx_word' id='word_1_20' title='bbox 838 1067 976 1151; x_wconf 75' lang='grc' dir='ltr'><strong><em>φανερῶς</em></strong></span> <span class='ocrx_word' id='word_1_21' title='bbox 988 1061 1131 1150; x_wconf 71' lang='grc' dir='ltr'><strong><em>α’θαρσῆς</em></strong></span> <span class='ocrx_word' id='word_1_22' title='bbox 1143 1062 1193 1128; x_wconf 80' lang='grc' dir='ltr'><strong><em>καί</em></strong></span> 
     </span>
     <span class='ocr_line' id='line_1_5' title="bbox 206 1173 1193 1269; baseline -0.005 -21"><span class='ocrx_word' id='word_1_23' title='bbox 206 1179 358 1262; x_wconf 82' lang='grc' dir='ltr'><strong><em>δόςελεας,</em></strong></span> <span class='ocrx_word' id='word_1_24' title='bbox 379 1186 489 1266; x_wconf 75' lang='grc' dir='ltr'><strong><em>κλέψαι</em></strong></span> <span class='ocrx_word' id='word_1_25' title='bbox 505 1182 541 1248; x_wconf 82' lang='grc' dir='ltr'><strong><em>δὲ</em></strong></span> <span class='ocrx_word' id='word_1_26' title='bbox 556 1175 720 1269; x_wconf 82' lang='grc' dir='ltr'><strong><em>πράγματα</em></strong></span> <span class='ocrx_word' id='word_1_27' title='bbox 738 1183 789 1248; x_wconf 83' lang='grc' dir='ltr'><strong><em>καί</em></strong></span> <span class='ocrx_word' id='word_1_28' title='bbox 803 1177 1053 1248; x_wconf 72' lang='grc' dir='ltr'><strong><em>συσκευάσασθαι</em></strong></span> <span class='ocrx_word' id='word_1_29' title='bbox 1070 1173 1193 1266; x_wconf 87' lang='grc' dir='ltr'><strong><em>κρόφα</em></strong></span> 
     </span>
     <span class='ocr_line' id='line_1_6' title="bbox 206 1293 874 1384; baseline -0.006 -18"><span class='ocrx_word' id='word_1_30' title='bbox 206 1295 306 1377; x_wconf 81' lang='grc' dir='ltr'><strong><em>πόλεις</em></strong></span> <span class='ocrx_word' id='word_1_31' title='bbox 323 1301 373 1364; x_wconf 80' lang='grc' dir='ltr'><strong><em>καί</em></strong></span> <span class='ocrx_word' id='word_1_32' title='bbox 391 1293 555 1384; x_wconf 76' lang='grc' dir='ltr'><strong><em>τυράννους</em></strong></span> <span class='ocrx_word' id='word_1_33' title='bbox 573 1295 874 1383; x_wconf 75' lang='grc' dir='ltr'><strong><em>ἐπηβολώτατος.</em></strong></span> 
     </span>
    </p>

    <p class='ocr_par' dir='ltr' id='par_1_4' title="bbox 202 1413 1234 3720">
     <span class='ocr_line' id='line_1_7' title="bbox 248 1413 1193 1502; baseline -0.002 -22"><span class='ocrx_word' id='word_1_34' title='bbox 248 1421 384 1480; x_wconf 90' lang='lat' dir='ltr'><strong>Primum</strong></span> <span class='ocrx_word' id='word_1_35' title='bbox 402 1419 484 1502; x_wconf 87' lang='lat' dir='ltr'><strong>quod</strong></span> <span class='ocrx_word' id='word_1_36' title='bbox 504 1419 639 1502; x_wconf 79' lang='grc' dir='ltr'><strong><em>φανερῶς</em></strong></span> <span class='ocrx_word' id='word_1_37' title='bbox 658 1431 687 1480; x_wconf 91' lang='lat' dir='ltr'><strong>et</strong></span> <span class='ocrx_word' id='word_1_38' title='bbox 705 1413 815 1498; x_wconf 69' lang='grc' dir='ltr'><strong><em>κλέψαι</em></strong></span> <span class='ocrx_word' id='word_1_39' title='bbox 835 1419 942 1479; x_wconf 81' lang='lat' dir='ltr'><strong>aeriter</strong></span> <span class='ocrx_word' id='word_1_40' title='bbox 958 1415 1014 1478; x_wconf 85' lang='lat' dir='ltr'><strong>eibi</strong></span> <span class='ocrx_word' id='word_1_41' title='bbox 1032 1437 1193 1500; x_wconf 87' lang='lat' dir='ltr'><strong>opponun-</strong></span> 
     </span>
     <span class='ocr_line' id='line_1_8' title="bbox 208 1527 1193 1621; baseline -0.006 -22"><span class='ocrx_word' id='word_1_42' title='bbox 208 1549 259 1599; x_wconf 84' lang='lat' dir='ltr'><strong><em>tur</em></strong></span> <span class='ocrx_word' id='word_1_43' title='bbox 278 1537 359 1610; x_wconf 88' lang='lat' dir='ltr'><strong>ideo,</strong></span> <span class='ocrx_word' id='word_1_44' title='bbox 380 1537 463 1621; x_wconf 91' lang='lat' dir='ltr'><strong>quod</strong></span> <span class='ocrx_word' id='word_1_45' title='bbox 484 1537 584 1599; x_wconf 87' lang='lat' dir='ltr'><strong>Attica</strong></span> <span class='ocrx_word' id='word_1_46' title='bbox 603 1537 786 1598; x_wconf 83' lang='lat' dir='ltr'><strong>constructio</strong></span> <span class='ocrx_word' id='word_1_47' title='bbox 807 1535 943 1618; x_wconf 81' lang='lat' dir='ltr'><strong>flagitat,</strong></span> <span class='ocrx_word' id='word_1_48' title='bbox 969 1533 1119 1618; x_wconf 80' lang='lat' dir='ltr'><strong>particula</strong></span> <span class='ocrx_word' id='word_1_49' title='bbox 1134 1527 1193 1612; x_wconf 75' lang='grc' dir='ltr'><strong><em>μὲν</em></strong></span> 
     </span>
     <span class='ocr_line' id='line_1_9' title="bbox 207 1647 1191 1741; baseline -0.005 -27"><span class='ocrx_word' id='word_1_50' title='bbox 207 1655 287 1715; x_wconf 84' lang='lat' dir='ltr'><strong>inter</strong></span> <span class='ocrx_word' id='word_1_51' title='bbox 307 1647 429 1741; x_wconf 82' lang='grc' dir='ltr'><strong><em>πολίμρι</em></strong></span> <span class='ocrx_word' id='word_1_52' title='bbox 450 1666 479 1718; x_wconf 88' lang='lat' dir='ltr'><strong>et</strong></span> <span class='ocrx_word' id='word_1_53' title='bbox 499 1652 550 1717; x_wconf 82' lang='grc' dir='ltr'><strong><em>καί</em></strong></span> <span class='ocrx_word' id='word_1_54' title='bbox 570 1653 775 1717; x_wconf 83' lang='lat' dir='ltr'><strong>interserenda</strong></span> <span class='ocrx_word' id='word_1_55' title='bbox 794 1665 850 1730; x_wconf 65' lang='grc' dir='ltr'><strong><em>τοι,</em></strong></span> <span class='ocrx_word' id='word_1_56' title='bbox 879 1653 923 1714; x_wconf 87' lang='lat' dir='ltr'><strong>sie</strong></span> <span class='ocrx_word' id='word_1_57' title='bbox 947 1653 982 1714; x_wconf 91' lang='lat' dir='ltr'><strong><em>in</em></strong></span> <span class='ocrx_word' id='word_1_58' title='bbox 1003 1653 1063 1712; x_wconf 80' lang='lat' dir='ltr'><strong>vit.</strong></span> <span class='ocrx_word' id='word_1_59' title='bbox 1087 1651 1191 1710; x_wconf 86' lang='lat' dir='ltr'><strong>Sertor.</strong></span> 
     </span>
     <span class='ocr_line' id='line_1_10' title="bbox 207 1759 1193 1856; baseline -0.004 -24"><span class='ocrx_word' id='word_1_60' title='bbox 207 1772 279 1853; x_wconf 86' lang='lat' dir='ltr'><strong>Pag.</strong></span> <span class='ocrx_word' id='word_1_61' title='bbox 290 1771 359 1845; x_wconf 84' lang='lat'>581,</span> <span class='ocrx_word' id='word_1_62' title='bbox 370 1773 404 1833; x_wconf 81' lang='lat'><strong><em>1).</em></strong></span> <span class='ocrx_word' id='word_1_63' title='bbox 445 1772 582 1856; x_wconf 83' lang='grc' dir='ltr'><strong><em>φανερῶς</em></strong></span> <span class='ocrx_word' id='word_1_64' title='bbox 600 1767 657 1850; x_wconf 79' lang='grc' dir='ltr'><strong><em>μὲν</em></strong></span> <span class='ocrx_word' id='word_1_65' title='bbox 670 1766 725 1833; x_wconf 75' lang='lat' dir='ltr'><strong><em>mix</em></strong></span> <span class='ocrx_word' id='word_1_66' title='bbox 737 1765 913 1850; x_wconf 85' lang='grc' dir='ltr'><strong><em>άφίσταντο,</em></strong></span> <span class='ocrx_word' id='word_1_67' title='bbox 922 1759 1085 1840; x_wconf 79' lang='grc' dir='ltr'><strong><em>δεδοικότες</em></strong></span> <span class='ocrx_word' id='word_1_68' title='bbox 1097 1759 1193 1829; x_wconf 83' lang='grc' dir='ltr'><strong><em>αότοῶ</em></strong></span> 
     </span>
     <span class='ocr_line' id='line_1_11' title="bbox 206 1881 1193 1972; baseline -0.004 -26"><span class='ocrx_word' id='word_1_69' title='bbox 206 1882 263 1970; x_wconf 72' lang='grc' dir='ltr'><strong><em>τῆν</em></strong></span> <span class='ocrx_word' id='word_1_70' title='bbox 278 1881 418 1968; x_wconf 76' lang='grc' dir='ltr'><strong><em>δύναμιν·</em></strong></span> <span class='ocrx_word' id='word_1_71' title='bbox 438 1885 541 1972; x_wconf 88' lang='grc' dir='ltr'><strong><em>κρόφα</em></strong></span> <span class='ocrx_word' id='word_1_72' title='bbox 558 1883 594 1949; x_wconf 81' lang='grc' dir='ltr'><strong><em>δὲ</em></strong></span> <span class='ocrx_word' id='word_1_73' title='bbox 608 1881 664 1961; x_wconf 85' lang='grc' dir='ltr'><strong><em>τάς</em></strong></span> <span class='ocrx_word' id='word_1_74' title='bbox 677 1909 709 1951; x_wconf 85' lang='grc' dir='ltr'><strong><em>τε</em></strong></span> <span class='ocrx_word' id='word_1_75' title='bbox 721 1881 841 1970; x_wconf 83' lang='grc' dir='ltr'><strong><em>πράξεις</em></strong></span> <span class='ocrx_word' id='word_1_76' title='bbox 852 1883 1059 1964; x_wconf 78' lang='grc' dir='ltr'><strong><em>ἐλυμαίνοντο.</em></strong></span> <span class='ocrx_word' id='word_1_77' title='bbox 1080 1883 1193 1944; x_wconf 82' lang='lat' dir='ltr'>Deinde</span> 
     </span>
     <span class='ocr_line' id='line_1_12' title="bbox 208 1991 1194 2086; baseline -0.008 -21"><span class='ocrx_word' id='word_1_78' title='bbox 208 2027 273 2067; x_wconf 83' lang='lat' dir='ltr'><strong>voe.</strong></span> <span class='ocrx_word' id='word_1_79' title='bbox 300 1998 402 2086; x_wconf 84' lang='grc' dir='ltr'><strong><em>κρόφα</em></strong></span> <span class='ocrx_word' id='word_1_80' title='bbox 421 2005 571 2076; x_wconf 81' lang='lat' dir='ltr'><strong>deleatur,</strong></span> <span class='ocrx_word' id='word_1_81' title='bbox 593 2006 668 2086; x_wconf 86' lang='lat' dir='ltr'><strong>quia</strong></span> <span class='ocrx_word' id='word_1_82' title='bbox 686 2007 727 2064; x_wconf 47' lang='lat' dir='ltr'><strong><em>&#39;in</em></strong></span> <span class='ocrx_word' id='word_1_83' title='bbox 750 2005 815 2086; x_wconf 86' lang='lat' dir='ltr'><strong>ipso</strong></span> <span class='ocrx_word' id='word_1_84' title='bbox 839 2001 928 2076; x_wconf 80' lang='lat' dir='ltr'><strong>verbo</strong></span> <span class='ocrx_word' id='word_1_85' title='bbox 951 1991 1194 2072; x_wconf 72' lang='grc' dir='ltr'><strong><em>συσκευάζεσθαι</em></strong></span> 
     </span>
     <span class='ocr_line' id='line_1_13' title="bbox 208 2110 1234 2204; baseline -0.009 -21"><span class='ocrx_word' id='word_1_86' title='bbox 208 2123 284 2183; x_wconf 83' lang='lat' dir='ltr'><strong>latet</strong></span> <span class='ocrx_word' id='word_1_87' title='bbox 302 2125 390 2184; x_wconf 84' lang='lat' dir='ltr'><strong>notio</strong></span> <span class='ocrx_word' id='word_1_88' title='bbox 402 2121 458 2184; x_wconf 85' lang='grc' dir='ltr'><strong><em>τοῦ</em></strong></span> <span class='ocrx_word' id='word_1_89' title='bbox 473 2112 591 2204; x_wconf 84' lang='grc' dir='ltr'><strong><em>κρόφα;</em></strong></span> <span class='ocrx_word' id='word_1_90' title='bbox 612 2119 765 2202; x_wconf 85' lang='lat' dir='ltr'><strong>signifieat</strong></span> <span class='ocrx_word' id='word_1_91' title='bbox 778 2121 860 2182; x_wconf 86' lang='lat' dir='ltr'><strong>enim</strong></span> <span class='ocrx_word' id='word_1_92' title='bbox 873 2112 912 2180; x_wconf 78' lang='grc' dir='ltr'><strong><em>δι’</em></strong></span> <span class='ocrx_word' id='word_1_93' title='bbox 924 2114 1086 2198; x_wconf 75' lang='grc' dir='ltr'><strong><em>ἐπιβουλῆς</em></strong></span> <span class='ocrx_word' id='word_1_94' title='bbox 1100 2110 1194 2198; x_wconf 82' lang='grc' dir='ltr'><strong><em>αἱρεῖν</em></strong></span> <span class='ocrx_word' id='word_1_95' title='bbox 1231 2193 1234 2199; x_wconf 26' lang='grc' dir='ltr'>Ι</span> 
     </span>
     <span class='ocr_line' id='line_1_14' title="bbox 202 2232 1193 2316; baseline -0.005 -20"><span class='ocrx_word' id='word_1_96' title='bbox 202 2261 261 2316; x_wconf 82' lang='lat' dir='ltr'><strong><em>per</em></strong></span> <span class='ocrx_word' id='word_1_97' title='bbox 278 2243 388 2314; x_wconf 82' lang='lat' dir='ltr'><strong>delum,</strong></span> <span class='ocrx_word' id='word_1_98' title='bbox 408 2261 464 2316; x_wconf 86' lang='lat' dir='ltr'><strong>per</strong></span> <span class='ocrx_word' id='word_1_99' title='bbox 490 2242 608 2297; x_wconf 81' lang='lat' dir='ltr'><strong><em>insidias</em></strong></span> <span class='ocrx_word' id='word_1_100' title='bbox 633 2258 744 2314; x_wconf 85' lang='lat' dir='ltr'><strong>capere.</strong></span> <span class='ocrx_word' id='word_1_101' title='bbox 785 2235 888 2297; x_wconf 71' lang='lat' dir='ltr'><strong>Nos&#39;ter</strong></span> <span class='ocrx_word' id='word_1_102' title='bbox 911 2235 947 2294; x_wconf 90' lang='lat' dir='ltr'><strong><em>in</em></strong></span> <span class='ocrx_word' id='word_1_103' title='bbox 972 2233 1030 2294; x_wconf 82' lang='lat' dir='ltr'><strong>vit.</strong></span> <span class='ocrx_word' id='word_1_104' title='bbox 1053 2232 1142 2314; x_wconf 85' lang='lat' dir='ltr'><strong>Agid.</strong></span> <span class='ocrx_word' id='word_1_105' title='bbox 1163 2243 1193 2291; x_wconf 87' lang='lat' dir='ltr'><strong>et</strong></span> 
     </span>
     <span class='ocr_line' id='line_1_15' title="bbox 207 2343 1194 2436; baseline -0.006 -21"><span class='ocrx_word' id='word_1_106' title='bbox 207 2355 320 2416; x_wconf 89' lang='lat' dir='ltr'><strong>Cleom.</strong></span> <span class='ocrx_word' id='word_1_107' title='bbox 342 2355 412 2436; x_wconf 87' lang='lat' dir='ltr'><strong>Pag.</strong></span> <span class='ocrx_word' id='word_1_108' title='bbox 433 2353 509 2424; x_wconf 84' lang='lat'><strong>798,</strong></span> <span class='ocrx_word' id='word_1_109' title='bbox 531 2353 566 2414; x_wconf 99' lang='lat' dir='ltr'><strong><em>A.</em></strong></span> <span class='ocrx_word' id='word_1_110' title='bbox 608 2345 861 2435; x_wconf 69' lang='grc' dir='ltr'><strong><em>Μανδροκλείδας</em></strong></span> <span class='ocrx_word' id='word_1_111' title='bbox 887 2346 922 2411; x_wconf 85' lang='grc' dir='ltr'><strong><em>δὲ</em></strong></span> <span class='ocrx_word' id='word_1_112' title='bbox 948 2343 1114 2422; x_wconf 87' lang='grc' dir='ltr'><strong><em>δεινότατος</em></strong></span> <span class='ocrx_word' id='word_1_113' title='bbox 1131 2349 1194 2410; x_wconf 89' lang='grc' dir='ltr'><strong><em>τῶν</em></strong></span> 
     </span>
     <span class='ocr_line' id='line_1_16' title="bbox 207 2461 1193 2554; baseline -0.006 -21"><span class='ocrx_word' id='word_1_114' title='bbox 207 2467 361 2553; x_wconf 79' lang='grc' dir='ltr'><strong><em>Ἑλλήνων</em></strong></span> <span class='ocrx_word' id='word_1_115' title='bbox 380 2463 542 2554; x_wconf 82' lang='grc' dir='ltr'><strong><em>πράγματα</em></strong></span> <span class='ocrx_word' id='word_1_116' title='bbox 561 2461 828 2546; x_wconf 72' lang='grc' dir='ltr'><strong><em>συσκευάσασθαι,</em></strong></span> <span class='ocrx_word' id='word_1_117' title='bbox 849 2466 900 2532; x_wconf 81' lang='grc' dir='ltr'><strong><em>καί</em></strong></span> <span class='ocrx_word' id='word_1_118' title='bbox 914 2463 949 2531; x_wconf 85' lang='grc' dir='ltr'><strong><em>τό</em></strong></span> <span class='ocrx_word' id='word_1_119' title='bbox 966 2462 1086 2530; x_wconf 78' lang='grc' dir='ltr'><strong><em>συνετόν</em></strong></span> <span class='ocrx_word' id='word_1_120' title='bbox 1103 2466 1193 2528; x_wconf 73' lang='grc' dir='ltr'><strong><em>τοῦτο</em></strong></span> 
     </span>
     <span class='ocr_line' id='line_1_17' title="bbox 208 2579 1192 2674; baseline -0.006 -24"><span class='ocrx_word' id='word_1_121' title='bbox 208 2585 258 2650; x_wconf 81' lang='grc' dir='ltr'><strong><em>καὶ</em></strong></span> <span class='ocrx_word' id='word_1_122' title='bbox 271 2582 393 2669; x_wconf 86' lang='grc' dir='ltr'><strong><em>δολερδν</em></strong></span> <span class='ocrx_word' id='word_1_123' title='bbox 407 2579 507 2674; x_wconf 79' lang='grc' dir='ltr'><strong><em>τόλμῃ</em></strong></span> <span class='ocrx_word' id='word_1_124' title='bbox 514 2582 696 2668; x_wconf 68' lang='grc' dir='ltr'><strong><em>μεμιγμένον</em></strong></span> <span class='ocrx_word' id='word_1_125' title='bbox 712 2580 811 2666; x_wconf 75' lang='grc' dir='ltr'><strong><em>ἔχων,</em></strong></span> <span class='ocrx_word' id='word_1_126' title='bbox 829 2589 882 2648; x_wconf 90' lang='lat' dir='ltr'><strong>vit.</strong></span> <span class='ocrx_word' id='word_1_127' title='bbox 896 2587 975 2648; x_wconf 82' lang='lat' dir='ltr'><strong>Caes.</strong></span> <span class='ocrx_word' id='word_1_128' title='bbox 989 2586 1059 2668; x_wconf 76' lang='lat' dir='ltr'><strong>rag.</strong></span> <span class='ocrx_word' id='word_1_129' title='bbox 1075 2584 1145 2655; x_wconf 89' lang='lat'>718,</span> <span class='ocrx_word' id='word_1_130' title='bbox 1156 2583 1192 2644; x_wconf 88' lang='lat' dir='ltr'><strong><em>A.</em></strong></span> 
     </span>
     <span class='ocr_line' id='line_1_18' title="bbox 209 2697 1192 2786; baseline -0.006 -20"><span class='ocrx_word' id='word_1_131' title='bbox 209 2698 463 2782; x_wconf 83' lang='grc' dir='ltr'><strong><em>συσκευαζόμενος</em></strong></span> <span class='ocrx_word' id='word_1_132' title='bbox 490 2699 547 2786; x_wconf 73' lang='grc' dir='ltr'><strong><em>τήν</em></strong></span> <span class='ocrx_word' id='word_1_133' title='bbox 571 2697 674 2776; x_wconf 86' lang='grc' dir='ltr'><strong><em>πόλιν,</em></strong></span> <span class='ocrx_word' id='word_1_134' title='bbox 712 2705 763 2764; x_wconf 83' lang='lat' dir='ltr'><strong>vit.</strong></span> <span class='ocrx_word' id='word_1_135' title='bbox 793 2703 936 2764; x_wconf 87' lang='lat' dir='ltr'><strong>Phocion.</strong></span> <span class='ocrx_word' id='word_1_136' title='bbox 964 2706 1034 2784; x_wconf 85' lang='lat' dir='ltr'><strong>Pag.</strong></span> <span class='ocrx_word' id='word_1_137' title='bbox 1060 2702 1135 2772; x_wconf 83' lang='lat'><strong>756,</strong></span> <span class='ocrx_word' id='word_1_138' title='bbox 1159 2701 1192 2760; x_wconf 88' lang='lat' dir='ltr'><strong><em>B.</em></strong></span> 
     </span>
     <span class='ocr_line' id='line_1_19' title="bbox 209 2808 1193 2902; baseline -0.006 -21"><span class='ocrx_word' id='word_1_139' title='bbox 209 2810 463 2898; x_wconf 85' lang='grc' dir='ltr'><strong><em>συσκευαζόμενος</em></strong></span> <span class='ocrx_word' id='word_1_140' title='bbox 482 2813 540 2901; x_wconf 80' lang='grc' dir='ltr'><strong><em>γάρ</em></strong></span> <span class='ocrx_word' id='word_1_141' title='bbox 566 2818 606 2892; x_wconf 79' lang='grc' dir='ltr'><strong><em>εἰς</em></strong></span> <span class='ocrx_word' id='word_1_142' title='bbox 621 2813 741 2894; x_wconf 76' lang='grc' dir='ltr'><strong><em>ἔαυτόν,</em></strong></span> <span class='ocrx_word' id='word_1_143' title='bbox 769 2814 812 2892; x_wconf 86' lang='grc' dir='ltr'><strong><em>ῶς</em></strong></span> <span class='ocrx_word' id='word_1_144' title='bbox 826 2814 932 2902; x_wconf 85' lang='grc' dir='ltr'><strong><em>μικρόν</em></strong></span> <span class='ocrx_word' id='word_1_145' title='bbox 947 2808 1070 2900; x_wconf 69' lang='grc' dir='ltr'><strong><em>ὕστερον</em></strong></span> <span class='ocrx_word' id='word_1_146' title='bbox 1089 2818 1193 2899; x_wconf 88' lang='lat' dir='ltr'><strong>(corri-</strong></span> 
     </span>
     <span class='ocr_line' id='line_1_20' title="bbox 208 2924 1191 3024; baseline -0.003 -27"><span class='ocrx_word' id='word_1_147' title='bbox 208 2937 341 3018; x_wconf 83' lang='lat' dir='ltr'><strong>gendum</strong></span> <span class='ocrx_word' id='word_1_148' title='bbox 358 2937 457 3024; x_wconf 75' lang='grc' dir='ltr'><strong><em>μικρῷ</em></strong></span> <span class='ocrx_word' id='word_1_149' title='bbox 474 2927 598 3020; x_wconf 63' lang='grc' dir='ltr'><strong><em>ὕστερον</em></strong></span> <span class='ocrx_word' id='word_1_150' title='bbox 618 2938 655 2999; x_wconf 87' lang='lat' dir='ltr'><strong><em>cf.</em></strong></span> <span class='ocrx_word' id='word_1_151' title='bbox 678 2939 748 3019; x_wconf 85' lang='lat' dir='ltr'><strong>Pag.</strong></span> <span class='ocrx_word' id='word_1_152' title='bbox 761 2937 837 3014; x_wconf 79' lang='lat'><strong>714,</strong></span> <span class='ocrx_word' id='word_1_153' title='bbox 850 2939 887 2998; x_wconf 92' lang='lat' dir='ltr'><strong><em>A.</em></strong></span> <span class='ocrx_word' id='word_1_154' title='bbox 913 2931 1003 3023; x_wconf 80' lang='grc' dir='ltr'><strong><em>ὀλίγῳ</em></strong></span> <span class='ocrx_word' id='word_1_155' title='bbox 1018 2929 1047 2996; x_wconf 84' lang='grc' dir='ltr'><strong><em>δ’</em></strong></span> <span class='ocrx_word' id='word_1_156' title='bbox 1057 2924 1191 3016; x_wconf 67' lang='grc' dir='ltr'><strong><em>ὕστερον)</em></strong></span> 
     </span>
     <span class='ocr_line' id='line_1_21' title="bbox 207 3045 1192 3137; baseline -0.005 -23"><span class='ocrx_word' id='word_1_157' title='bbox 207 3045 299 3126; x_wconf 75' lang='grc' dir='ltr'><strong><em>ἔδειξε</em></strong></span> <span class='ocrx_word' id='word_1_158' title='bbox 313 3055 376 3127; x_wconf 79' lang='grc' dir='ltr'><strong><em>τοῖς</em></strong></span> <span class='ocrx_word' id='word_1_159' title='bbox 389 3047 499 3136; x_wconf 77' lang='grc' dir='ltr'><strong><em>ἔργοις,</em></strong></span> <span class='ocrx_word' id='word_1_160' title='bbox 518 3049 536 3116; x_wconf 87' lang='grc' dir='ltr'><strong><em>δ</em></strong></span> <span class='ocrx_word' id='word_1_161' title='bbox 551 3047 783 3137; x_wconf 74' lang='grc' dir='ltr'><strong><em>Πολυσπέρχων</em></strong></span> <span class='ocrx_word' id='word_1_162' title='bbox 799 3047 855 3136; x_wconf 61' lang='grc' dir='ltr'><strong><em>τήν</em></strong></span> <span class='ocrx_word' id='word_1_163' title='bbox 870 3045 967 3116; x_wconf 81' lang='grc' dir='ltr'><strong><em>πόλιν.</em></strong></span> <span class='ocrx_word' id='word_1_164' title='bbox 1003 3053 1102 3134; x_wconf 82' lang='lat' dir='ltr'><strong>Vulgo</strong></span> <span class='ocrx_word' id='word_1_165' title='bbox 1114 3051 1192 3132; x_wconf 86' lang='lat' dir='ltr'><strong>lege·</strong></span> 
     </span>
     <span class='ocr_line' id='line_1_22' title="bbox 208 3162 1191 3254; baseline -0.003 -25"><span class='ocrx_word' id='word_1_166' title='bbox 208 3169 298 3230; x_wconf 81' lang='lat' dir='ltr'><strong>batur</strong></span> <span class='ocrx_word' id='word_1_167' title='bbox 317 3170 370 3230; x_wconf 87' lang='lat' dir='ltr'><strong>hie</strong></span> <span class='ocrx_word' id='word_1_168' title='bbox 389 3162 638 3232; x_wconf 70' lang='grc' dir='ltr'><strong><em>συσκευάσασθαι</em></strong></span> <span class='ocrx_word' id='word_1_169' title='bbox 657 3168 707 3232; x_wconf 81' lang='grc' dir='ltr'><strong><em>καί</em></strong></span> <span class='ocrx_word' id='word_1_170' title='bbox 730 3164 841 3254; x_wconf 84' lang='grc' dir='ltr'><strong><em>κρόφα.</em></strong></span> <span class='ocrx_word' id='word_1_171' title='bbox 883 3172 1022 3253; x_wconf 81' lang='lat' dir='ltr'><strong>Suspicor</strong></span> <span class='ocrx_word' id='word_1_172' title='bbox 1042 3170 1137 3250; x_wconf 82' lang='lat' dir='ltr'><strong>igitur</strong></span> <span class='ocrx_word' id='word_1_173' title='bbox 1156 3169 1191 3227; x_wconf 89' lang='lat' dir='ltr'><strong><em>in</em></strong></span> 
     </span>
     <span class='ocr_line' id='line_1_23' title="bbox 209 3278 1192 3369; baseline 0.003 -25"><span class='ocrx_word' id='word_1_174' title='bbox 209 3287 345 3367; x_wconf 84' lang='lat' dir='ltr'>margine</span> <span class='ocrx_word' id='word_1_175' title='bbox 366 3286 551 3369; x_wconf 82' lang='lat' dir='ltr'><strong>adscriptum</strong></span> <span class='ocrx_word' id='word_1_176' title='bbox 568 3287 656 3346; x_wconf 84' lang='lat' dir='ltr'><strong>fuisse</strong></span> <span class='ocrx_word' id='word_1_177' title='bbox 670 3284 721 3349; x_wconf 78' lang='grc' dir='ltr'><strong><em>καί</em></strong></span> <span class='ocrx_word' id='word_1_178' title='bbox 737 3278 840 3369; x_wconf 83' lang='grc' dir='ltr'><strong><em>κρόφα</em></strong></span> <span class='ocrx_word' id='word_1_179' title='bbox 861 3289 904 3347; x_wconf 83' lang='lat' dir='ltr'><strong><em>ita</em></strong></span> <span class='ocrx_word' id='word_1_180' title='bbox 922 3287 1055 3348; x_wconf 83' lang='lat' dir='ltr'><strong>utillud</strong></span> <span class='ocrx_word' id='word_1_181' title='bbox 1075 3285 1127 3351; x_wconf 81' lang='grc' dir='ltr'><strong><em>καί</em></strong></span> <span class='ocrx_word' id='word_1_182' title='bbox 1145 3289 1192 3347; x_wconf 87' lang='lat' dir='ltr'><strong><em>iu·</em></strong></span> 
     </span>
     <span class='ocr_line' id='line_1_24' title="bbox 207 3390 1191 3484; baseline 0.01 -22"><span class='ocrx_word' id='word_1_183' title='bbox 207 3403 323 3464; x_wconf 86' lang='lat' dir='ltr'><strong>dicaret</strong></span> <span class='ocrx_word' id='word_1_184' title='bbox 349 3424 414 3465; x_wconf 86' lang='lat' dir='ltr'><strong>voc.</strong></span> <span class='ocrx_word' id='word_1_185' title='bbox 444 3390 546 3484; x_wconf 85' lang='grc' dir='ltr'><strong><em>κρόφα</em></strong></span> <span class='ocrx_word' id='word_1_186' title='bbox 569 3405 648 3463; x_wconf 83' lang='lat' dir='ltr'><strong>inter</strong></span> <span class='ocrx_word' id='word_1_187' title='bbox 673 3399 724 3464; x_wconf 83' lang='grc' dir='ltr'><strong><em>καί</em></strong></span> <span class='ocrx_word' id='word_1_188' title='bbox 743 3415 773 3464; x_wconf 88' lang='lat' dir='ltr'><strong>et</strong></span> <span class='ocrx_word' id='word_1_189' title='bbox 793 3396 1044 3468; x_wconf 75' lang='grc' dir='ltr'><strong><em>συσκευάσασθαι</em></strong></span> <span class='ocrx_word' id='word_1_190' title='bbox 1060 3409 1191 3471; x_wconf 86' lang='lat' dir='ltr'><strong>inseren-</strong></span> 
     </span>
     <span class='ocr_line' id='line_1_25' title="bbox 208 3519 1191 3612; baseline 0.009 -32"><span class='ocrx_word' id='word_1_191' title='bbox 208 3520 282 3580; x_wconf 86' lang='lat' dir='ltr'><strong>dur&#39;n</strong></span> <span class='ocrx_word' id='word_1_192' title='bbox 301 3541 374 3592; x_wconf 88' lang='lat' dir='ltr'><strong>esse,</strong></span> <span class='ocrx_word' id='word_1_193' title='bbox 392 3519 476 3602; x_wconf 88' lang='lat' dir='ltr'><strong>quod</strong></span> <span class='ocrx_word' id='word_1_194' title='bbox 497 3520 521 3579; x_wconf 93' lang='lat' dir='ltr'><strong><em>si</em></strong></span> <span class='ocrx_word' id='word_1_195' title='bbox 543 3541 618 3602; x_wconf 89' lang='lat' dir='ltr'><strong>opus</strong></span> <span class='ocrx_word' id='word_1_196' title='bbox 639 3520 754 3596; x_wconf 71' lang='lat' dir='ltr'><strong>suisset,</strong></span> <span class='ocrx_word' id='word_1_197' title='bbox 776 3521 915 3604; x_wconf 88' lang='lat' dir='ltr'><strong>equidem</strong></span> <span class='ocrx_word' id='word_1_198' title='bbox 933 3536 1055 3608; x_wconf 81' lang='lat' dir='ltr'><strong>propter</strong></span> <span class='ocrx_word' id='word_1_199' title='bbox 1073 3529 1191 3612; x_wconf 87' lang='lat' dir='ltr'><strong>opposi-</strong></span> 
     </span>
     <span class='ocr_line' id='line_1_26' title="bbox 208 3628 1191 3720; baseline 0.004 -21"><span class='ocrx_word' id='word_1_200' title='bbox 208 3651 274 3699; x_wconf 89' lang='lat' dir='ltr'><strong><em>tum</em></strong></span> <span class='ocrx_word' id='word_1_201' title='bbox 293 3635 430 3720; x_wconf 87' lang='grc' dir='ltr'><strong><em>φανερῶς</em></strong></span> <span class='ocrx_word' id='word_1_202' title='bbox 456 3647 526 3696; x_wconf 79' lang='lat' dir='ltr'><strong>ante</strong></span> <span class='ocrx_word' id='word_1_203' title='bbox 552 3628 802 3699; x_wconf 86' lang='grc' dir='ltr'><strong><em>συσκευάσασθαι</em></strong></span> <span class='ocrx_word' id='word_1_204' title='bbox 826 3640 1025 3702; x_wconf 80' lang='lat' dir='ltr'><strong>inseruissem.</strong></span> <span class='ocrx_word' id='word_1_205' title='bbox 1047 3677 1087 3688; x_wconf 87' lang='lat'>-</span> <span class='ocrx_word' id='word_1_206' title='bbox 1115 3644 1191 3704; x_wconf 86' lang='lat' dir='ltr'><strong><em>Tum</em></strong></span> 
     </span>
    </p>
   </div>
   <div class='ocr_carea' id='block_1_4' title="bbox 207 3745 1191 4071">
    <p class='ocr_par' dir='ltr' id='par_1_5' title="bbox 207 3745 1191 4071">
     <span class='ocr_line' id='line_1_27' title="bbox 208 3745 1191 3842; baseline 0.003 -27"><span class='ocrx_word' id='word_1_207' title='bbox 208 3753 335 3815; x_wconf 87' lang='lat' dir='ltr'><strong>offendit</strong></span> <span class='ocrx_word' id='word_1_208' title='bbox 352 3774 415 3816; x_wconf 77' lang='lat' dir='ltr'><strong>voc.</strong></span> <span class='ocrx_word' id='word_1_209' title='bbox 436 3745 666 3833; x_wconf 69' lang='grc' dir='ltr'><strong><em>ἐπηβολώτατος</em></strong></span> <span class='ocrx_word' id='word_1_210' title='bbox 678 3755 830 3836; x_wconf 68' lang='lat' dir='ltr'><strong>ineptum</strong></span> <span class='ocrx_word' id='word_1_211' title='bbox 852 3755 1004 3835; x_wconf 83' lang='lat' dir='ltr'><strong>signifieat</strong></span> <span class='ocrx_word' id='word_1_212' title='bbox 1023 3759 1106 3817; x_wconf 86' lang='lat' dir='ltr'><strong>enim</strong></span> <span class='ocrx_word' id='word_1_213' title='bbox 1118 3751 1191 3842; x_wconf 73' lang='grc' dir='ltr'><strong><em>ἔτιῆ-</em></strong></span> 
     </span>
     <span class='ocr_line' id='line_1_28' title="bbox 207 3870 1190 3954; baseline 0.009 -24"><span class='ocrx_word' id='word_1_214' title='bbox 207 3870 298 3949; x_wconf 87' lang='grc' dir='ltr'><strong><em>βολος</em></strong></span> <span class='ocrx_word' id='word_1_215' title='bbox 324 3892 434 3948; x_wconf 82' lang='lat' dir='ltr'><em>compos</em></span> <span class='ocrx_word' id='word_1_216' title='bbox 461 3881 495 3931; x_wconf 88' lang='lat' dir='ltr'><strong><em>ut</em></strong></span> <span class='ocrx_word' id='word_1_217' title='bbox 522 3871 735 3954; x_wconf 80' lang='lat' dir='ltr'><strong>inlerpretatur·</strong></span> <span class='ocrx_word' id='word_1_218' title='bbox 762 3871 1018 3954; x_wconf 73' lang='lat' dir='ltr'><strong>wyttenbachius</strong></span> <span class='ocrx_word' id='word_1_219' title='bbox 1044 3875 1083 3936; x_wconf 89' lang='lat' dir='ltr'><strong><em>ad</em></strong></span> <span class='ocrx_word' id='word_1_220' title='bbox 1109 3876 1190 3939; x_wconf 90' lang='lat' dir='ltr'><strong>Plut.</strong></span> 
     </span>
     <span class='ocr_line' id='line_1_29' title="bbox 209 3986 1189 4071; baseline 0.009 -26"><span class='ocrx_word' id='word_1_221' title='bbox 209 3986 311 4046; x_wconf 82' lang='lat' dir='ltr'><strong>Moral.</strong></span> <span class='ocrx_word' id='word_1_222' title='bbox 333 3987 403 4070; x_wconf 82' lang='lat' dir='ltr'><strong>Pag.</strong></span> <span class='ocrx_word' id='word_1_223' title='bbox 417 3986 454 4064; x_wconf 90' lang='grc'><strong><em>8,</em></strong></span> <span class='ocrx_word' id='word_1_224' title='bbox 475 3988 510 4049; x_wconf 90' lang='lat' dir='ltr'><strong><em>A.</em></strong></span> <span class='ocrx_word' id='word_1_225' title='bbox 531 4000 595 4049; x_wconf 89' lang='lat' dir='ltr'><strong>not.</strong></span> <span class='ocrx_word' id='word_1_226' title='bbox 637 3991 708 4065; x_wconf 85' lang='lat' dir='ltr'><strong>Quis</strong></span> <span class='ocrx_word' id='word_1_227' title='bbox 729 3990 823 4071; x_wconf 79' lang='lat' dir='ltr'><strong>igitur</strong></span> <span class='ocrx_word' id='word_1_228' title='bbox 844 3990 945 4052; x_wconf 90' lang='lat' dir='ltr'><strong>credat</strong></span> <span class='ocrx_word' id='word_1_229' title='bbox 964 3992 1045 4053; x_wconf 88' lang='lat' dir='ltr'><strong>istud</strong></span> <span class='ocrx_word' id='word_1_230' title='bbox 1066 3992 1189 4054; x_wconf 80' lang='lat' dir='ltr'><strong>verbum</strong></span> 
     </span>
    </p>
   </div>
   <div class='ocr_carea' id='block_1_5' title="bbox 208 4103 1190 4283">
    <p class='ocr_par' dir='ltr' id='par_1_6' title="bbox 208 4103 1190 4283">
     <span class='ocr_line' id='line_1_30' title="bbox 208 4103 1190 4190; baseline 0.006 -26"><span class='ocrx_word' id='word_1_231' title='bbox 208 4104 283 4164; x_wconf 89' lang='lat' dir='ltr'><strong>huic</strong></span> <span class='ocrx_word' id='word_1_232' title='bbox 302 4103 370 4164; x_wconf 91' lang='lat' dir='ltr'><strong>loco</strong></span> <span class='ocrx_word' id='word_1_233' title='bbox 391 4104 558 4187; x_wconf 79' lang='lat' dir='ltr'><strong>quadrare?</strong></span> <span class='ocrx_word' id='word_1_234' title='bbox 584 4106 686 4188; x_wconf 85' lang='lat' dir='ltr'><strong>Neque</strong></span> <span class='ocrx_word' id='word_1_235' title='bbox 705 4107 789 4189; x_wconf 90' lang='lat' dir='ltr'><strong>quod</strong></span> <span class='ocrx_word' id='word_1_236' title='bbox 809 4109 902 4190; x_wconf 82' lang='lat' dir='ltr'><strong>vulgo</strong></span> <span class='ocrx_word' id='word_1_237' title='bbox 922 4109 1034 4190; x_wconf 79' lang='lat' dir='ltr'><strong>legitur</strong></span> <span class='ocrx_word' id='word_1_238' title='bbox 1052 4133 1115 4172; x_wconf 84' lang='lat' dir='ltr'><strong>roe.</strong></span> <span class='ocrx_word' id='word_1_239' title='bbox 1128 4110 1190 4172; x_wconf 79' lang='grc' dir='ltr'><strong><em>ἕσι-</em></strong></span> 
     </span>
     <span class='ocr_line' id='line_1_31' title="bbox 1049 4225 1069 4283; baseline 0 0"><span class='ocrx_word' id='word_1_240' title='bbox 1049 4225 1069 4283; x_wconf 85' lang='grc'>2</span> 
     </span>
    </p>
   </div>
   <div class='ocr_carea' id='block_1_6' title="bbox 0 0 1516 5080">
    <p class='ocr_par' dir='ltr' id='par_1_7' title="bbox 0 0 1516 5080">
     <span class='ocr_line' id='line_1_32' title="bbox 0 0 1516 5080; baseline 0 0"><span class='ocrx_word' id='word_1_241' title='bbox 0 0 1516 5080; x_wconf 95' lang='lat' dir='ltr'><strong><em> </em></strong></span> 
     </span>
    </p>
   </div>
  </div>
 </body>
</html>
