3022 5080
730 489 903 556 40..

325 671 535 756 Imperfectum
556 663 703 753 α’πίωαινε
723 672 757 732 in
779 683 895 734 textum
916 669 1067 753 recepisse.
1110 669 1204 753 Supra
1226 671 1308 732 euim

323 791 391 874 huj.
412 791 484 874 Cap.
505 791 574 851 init.
595 790 724 872 legimus
745 787 808 851 ἐκεῖ
822 783 858 850 δὲ
874 779 966 850 πόλιν
983 783 1156 850 συνεσκίασε
1172 785 1223 850 καί
1238 783 1310 850 dut.

324 921 419 991 νρεηοε
439 903 473 991 (η’
489 901 611 990 σελήνη)
632 907 732 988 νεφῶν
751 900 971 986 συνελθόντων.
1010 904 1095 966 Nihil
1112 908 1179 989 jam
1199 905 1309 966 deinde

324 1027 487 1088 mentionis
503 1026 617 1086 sactum
634 1035 678 1086 est
694 1025 802 1086 lunam
817 1023 957 1086 relucere.
999 1023 1075 1084 Fieri
1092 1034 1194 1084 autem
1209 1023 1311 1105 potuit

324 1153 360 1204 ut
378 1141 459 1204 brevi
483 1154 636 1204 momento
658 1143 810 1206 reluxerit.
853 1144 950 1218 Quare
970 1141 1206 1218 restituendum,
1225 1139 1309 1224 quod

323 1279 428 1320 omnes
446 1259 522 1356 libri
535 1259 696 1339 exhibent,
714 1260 865 1322 Auristum
878 1253 1024 1341 οἷπόφηνε.
1050 1260 1149 1342 Atque
1166 1259 1210 1318 ita
1226 1278 1311 1318 caeo·

323 1374 439 1459 phonia
460 1370 607 1458 drudorum
627 1411 667 1426 -
688 1372 854 1460 φαινόμενα
874 1379 1010 1439 evitatur.
1025 1413 1064 1422 -—
1082 1377 1158 1437 Tum
1171 1367 1193 1458 ἢ
1205 1365 1309 1437 τοσού·

322 1513 387 1558 τιον
405 1499 559 1580 perspicue
579 1499 654 1560 latet
674 1499 707 1560 in
722 1500 787 1583 ipso
800 1500 1008 1582 comparativo
1022 1487 1289 1560 πολλαπλασιόνων
1295 1517 1308 1569 ,·

324 1635 378 1674 cur
393 1612 444 1674 hic
457 1616 625 1698 completur
640 1619 842 1700 comparatio,
863 1617 901 1676 od
917 1617 1025 1700 paullo
1039 1617 1174 1699 superius
1187 1609 1307 1674 πλείονα

323 1751 389 1790 non
413 1732 604 1815 completur?
645 1733 737 1794 Scioli
762 1735 856 1815 igitur
875 1734 1116 1794 additamentum
1136 1734 1246 1815 ejicias.
1268 1763 1306 1780 -

323 1847 474 1910 Postremo
497 1842 676 1930 α’λολαγμδν
693 1843 842 1934 φύρεσθαι
868 1873 933 1912 non
955 1852 1100 1911 Graecum
1124 1860 1180 1927 εει,
1213 1850 1307 1909 corri-

323 1965 458 2048 gendum
476 1987 534 2029 esse
549 1966 677 2028 arbitror
688 1961 830 2049 γενέσθαι
835 2012 846 2043 ,
866 1990 960 2052 quam
973 1968 1213 2029 emendationem
1227 1987 1306 2048 egre·

322 2084 372 2164 gie
393 2083 552 2145 confirmat
572 2085 617 2158 id,
641 2087 724 2168 quod
744 2087 856 2170 legitur
869 2087 928 2147 vit.
943 2086 1005 2147 Cat.
1017 2085 1087 2146 nin.
1102 2086 1172 2166 Peg.
1186 2083 1257 2160 786,
1270 2083 1305 2144 Α.

322 2203 497 2281 τηλικοῦτον
520 2197 697 2283 α’λαλαγμδν
722 2200 864 2284 γενέσθαι
892 2202 943 2265 καὶ
966 2204 1109 2265 τοσούτω
1130 2196 1241 2282 κίνημα
1254 2202 1307 2280 τῆς

323 2319 465 2398 στρατιᾶς
491 2315 691 2400 ἐπαρθείσης,
720 2310 797 2384 ὥστε
823 2313 940 2394 πάντας
958 2317 1092 2384 ἐλπίδων
1110 2313 1238 2398 μεστούς
1256 2316 1306 2380 ἐπὶ

323 2427 375 2494 τόν
394 2431 531 2496 κίνδυνον
549 2432 681 2518 ὁρμῆσαι
700 2432 772 2511 τούς
790 2431 944 2520 ἡγεμόνας.

365 2668 415 2730 38.
462 2665 557 2744 Τέλος
583 2667 619 2734 δὲ
644 2671 860 2754 συνερείσαντες
885 2673 1030 2748 ἔξωθοῦσι
1055 2671 1125 2748 τούς
1149 2672 1308 2754 πολεμίους

324 2785 374 2848 ναὶ
393 2784 609 2870 καθυπέρτεροι
630 2793 684 2872 τῆς
703 2798 794 2873 ἄκρας
813 2783 891 2875 ἦσαν
912 2790 962 2854 καὶ
982 2788 1017 2855 τό
1036 2787 1178 2876 φρούριον
1197 2787 1306 2873 εἶχον

323 2897 439 2984 ἡμέρας
464 2903 524 2986 ἤδη
549 2901 807 2990 διαυγούσης,
834 2913 851 2971 ὃ
877 2931 915 2970 τε
941 2902 1048 2992 ἥλιος
1075 2906 1195 2984 etate
1225 2906 1308 2974 ἔπε’-

324 3020 451 3095 λαμπε
476 3022 527 3106 τῷ
553 3015 646 3107 ἔργω
672 3023 722 3084 καὶ
748 3027 849 3104 παρῆν
874 3026 907 3087 ἐκ
933 3027 1084 3101 Σκυῶνος
1104 3025 1125 3110 η’
1146 3023 1236 3110 torna*
1255 3023 1305 3090 δύ·

324 3153 412 3210 ναμνς
431 3136 475 3220 τῷ
493 3127 632 3224 Ἀρύτω,
652 3135 824 3218 δεχομένων
843 3138 921 3206 κατεῖ
940 3138 1039 3218 πύλας
1058 3148 1119 3207 τῶν
1133 3143 1307 3228 Κορινθίων

324 3243 494 3331 προθύμως
512 3252 562 3315 καὶ
581 3251 652 3329 τούς
669 3254 842 3336 βασιλικούς
861 3255 1142 3341 συλλαμβανόντων.

365 3367 415 3428 καὶ
433 3365 469 3431 τό
489 3367 634 3454 φρούριον
651 3367 733 3452 εἶχον
755 3389 901 3438 vertamus
925 3379 1014 3438 verba
1037 3379 1147 3441 verbis:
1174 3399 1204 3442 et
1219 3405 1306 3459 proe-

323 3491 426 3546 sidr'um
447 3489 599 3549 habebant.
641 3492 720 3552 Num
742 3495 911 3554 habebant?
954 3497 1052 3556 Immo
1073 3521 1140 3560 vero
1160 3518 1303 3578 ceperunt.

323 3601 496 3688 Legendum
521 3627 581 3666 esse
600 3610 695 3690 igitur
719 3613 850 3693 conjicio
869 3633 924 3694 pro
948 3606 1031 3694 εἶχον
1057 3606 1143 3678 εἷλον.
1185 3620 1307 3699 Saepius

324 3723 441 3784 litterae
460 3745 484 3803 χ
510 3737 539 3786 et
565 3727 584 3786 λ
610 3740 852 3808 commutantur,
875 3733 1045 3794 conseratur
1066 3733 1226 3817 Hirsehigii
1248 3735 1308 3795 Ad·

323 3852 388 3900 not.
410 3841 448 3900 ad
468 3842 620 3926 Aristoph.
635 3845 702 3906 Pae.
718 3867 758 3906 vs.
773 3848 842 3908 214.
859 3886 894 3895 —
918 3850 1031 3912 Deinde
1053 3873 1106 3934 pro
1127 3844 1309 3934 διαυγούσης

324 3955 515 4018 scribendum
545 3961 663 4022 videtur
692 3952 870 4046 δεαυγαίσης.
920 3967 1016 4030 Verba
1045 3971 1144 4047 enim,
1182 3993 1260 4054 quae
1289 3993 1307 4030 a

324 4073 501 4136 nominibus
519 4078 633 4161 primae
652 4080 866 4146 declinationis
884 4085 916 4145 in
939 4107 959 4146 α
977 4097 1005 4148 et
1021 4107 1042 4170 η
1057 4087 1237 4149 exeuntibus
1257 4088 1306 4148 de·
