3022 5080
738 485 914 548 ..4ss-

334 671 460 734 videtur.
504 672 549 732 Ex
575 693 637 754 quo
667 673 749 732 enim
780 670 959 732 Plutarchus
994 692 1049 732 noe
1073 674 1194 734 monuit
1217 672 1322 756 (supra

335 791 406 874 Cap.
427 791 529 852 XXIV.
553 791 645 874 med.)
665 792 792 854 Aratum
816 791 940 852 alternis
962 794 1051 852 annis
1076 803 1243 875 praetorem
1260 813 1321 854 esse

335 907 465 982 sactum,
485 909 577 993 idque
597 907 685 970 nobis
709 910 743 968 in
767 911 870 970 animo
893 907 998 969 infixit
1021 909 1119 990 legem
1142 931 1321 971 commemo·

335 1026 444 1098 raudo,
458 1047 498 1088 ex
511 1048 572 1110 qua
585 1048 650 1087 nou
664 1025 776 1088 licebat
789 1028 932 1110 cuiquam
945 1038 1117 1109 praeturam
1130 1029 1320 1089 continuari:

335 1144 407 1204 inde
433 1145 512 1204 clare
539 1145 649 1204 animis
674 1165 768 1226 usque
790 1143 969 1206 obversatur.
1012 1145 1089 1206 Satis
1118 1157 1219 1208 autern
1243 1167 1322 1228 quae

335 1273 503 1344 sequuntur
514 1255 678 1344 Λυδιάδης
691 1255 762 1344 παρ’
767 1257 905 1324 ἐνιαυτόν
915 1252 1008 1344 ἦρχεν
1016 1255 1147 1336 troiia}
1155 1263 1200 1350 τῷ
1206 1255 1322 1350 Ἀράτῳ

279 1417 282 1424 ⁴
335 1381 527 1464 στρατηγῶν,
545 1383 569 1444 ri
597 1383 673 1444 forte
695 1383 830 1465 cuipiam
857 1403 895 1443 ex
916 1383 1020 1442 animo
1039 1384 1215 1451 effluxisset,
1241 1381 1321 1442 illud

336 1502 541 1564 admonerent.
581 1501 666 1577 Quod
684 1501 778 1583 igitur
794 1501 910 1560 disertis
925 1498 1020 1560 verbis
1034 1499 1087 1560 hic
1102 1502 1208 1562 iterare
1221 1520 1321 1582 super-

335 1641 500 1681 vacaneum
521 1633 573 1681 est.
615 1619 738 1681 Accedit
764 1617 846 1702 quod
873 1619 1024 1701 particula
1047 1615 1105 1696 μὲν
1127 1631 1195 1702 post
1217 1613 1323 1690 Αδτὸς

335 1749 430 1800 vacat.
451 1773 492 1782 —-
512 1737 626 1797 Deinde
645 1736 791 1796 articulus
809 1736 864 1817 τῆς
881 1746 951 1796 ante
965 1731 1065 1818 τρίτης
1081 1731 1259 1818 στρατηγιὶτς
1274 1737 1321 1794 iu·

335 1866 463 1926 seratur,
485 1853 569 1937 quod
589 1854 741 1914 monuisse
761 1864 807 1914 sat
827 1864 879 1912 est

376 2091 427 2152 29.
469 2088 534 2153 lini
554 2083 695 2171 καθάπερ
713 2089 757 2174 τῷ
773 2079 890 2166 κόκκυγα
908 2084 1002 2169 φησὶν
1010 2081 1157 2162 Αἴσωπος
1173 2088 1321 2170 ἐρωτῶντι
1405 2089 1409 2098 ’

336 2202 407 2278 τους
424 2200 551 2277 λεπτοδς
564 2207 706 2287 ὄρνιθας,
723 2209 742 2268 ὅ
758 2228 787 2267 τι
801 2196 936 2286 φεύγοιεν
949 2197 1056 2278 αὐτᾶν,
1076 2203 1168 2266 εἰπεῖν
1180 2201 1322 2280 ἒνεδνους,

337 2320 379 2397 οἷς
398 2318 482 2386 ἔσται
501 2319 573 2385 ποτὲ
594 2316 690 2402 tepet,
709 2312 804 2394 οὕτως
822 2319 895 2384 ἔοικε
912 2323 957 2409 τῷ
971 2317 1120 2408 Λυδιάδῃ
1133 2327 1322 2407 παρακολου-

337 2443 406 2504 &eir
434 2439 468 2504 ἐν
497 2443 552 2521 τῆς
580 2435 752 2520 τυραννίδος
780 2435 899 2518 ὑποψία
926 2434 1105 2519 βλάπτουσα
1128 2434 1184 2524 τήν
1209 2431 1321 2522 φύσιν

336 2554 433 2622 αὐτοῦ
450 2559 504 2641 τῆς
522 2558 700 2640 μεταβολῆς.

378 2670 485 2762 φδσιν]
508 2672 609 2740 πίστιν
633 2675 705 2738 Cod.
733 2700 755 2734 :c
782 2675 962 2759 (Xylanden
993 2673 1101 2746 ‚fidem
1128 2676 1291 2738 mutationi
1299 2674 1321 2755 ‘)

337 2798 463 2881 nuperi,
485 2797 672 2858 immemores
699 2793 941 2877 comparationis.
976 2794 1052 2855 Haec
1072 2794 1203 2855 Sintenis
1228 2793 1321 2854 adno-

338 2925 383 2976 tat
400 2915 463 2995 ipse
487 2914 644 2974 immemor
669 2913 913 2994 comparationis.
949 2913 1060 2996 Nempe
1076 2913 1260 2997 comparatio
1279 2923 1322 2974 est

338 3029 427 3092 haec:
442 3027 701 3104 Quemadmodum
715 3029 850 3090 aviculae
863 3028 955 3090 fidem
966 3051 1030 3090 non
1040 3029 1195 3092 habebant
1204 3029 1321 3101 cuculo,

337 3171 428 3235 quem
445 3148 613 3232 aliquando
632 3149 804 3232 accipitrem
823 3149 959 3210 futurum
979 3170 1038 3209 esse
1054 3151 1265 3232 opinarentur,
1279 3150 1321 3209 sic

337 3268 450 3332 Achaei
474 3267 626 3350 Lydiadae
649 3289 714 3328 non
735 3266 887 3344 fidebant,
907 3266 954 3328 vel
974 3265 1119 3328 fiduciam
1136 3268 1200 3349 ejus
1222 3277 1322 3328 muta-

337 3386 429 3446 tionis
456 3405 522 3446 non
546 3383 715 3455 habebant,
736 3405 829 3467 quem
850 3384 1017 3468 aliquando
1037 3395 1206 3467 tyrannum
1221 3405 1322 3446 rursus

337 3521 494 3572 erasurum
515 3521 574 3562 esse
593 3502 824 3584 suspicarentur.
866 3487 1085 3584 deponendum
1103 3505 1198 3586 igitur
1215 3499 1323 3564 πιστα.

701 3789 722 3847 C
738 3789 762 3848 A
777 3789 809 3850 P.
851 3789 952 3849 XXXI.

380 3980 408 4040 1.
447 3976 487 4038 Ὁ
513 3974 681 4058 δ”Αρατος
705 3971 882 4057 εὐδοκίμησε
908 3974 959 4039 καὶ
984 3975 1052 4060 περὶ
1075 3974 1129 4052 τοῖς
1153 3975 1325 4052 Αἶτωλνκοῖς

337 4091 470 4183 πράξεις,
495 4083 544 4160 ὅτε
573 4095 740 4176 συμβαλεῖν
764 4088 822 4172 μὲν
848 4089 952 4168 αὐτοῖς
980 4090 1039 4179 πρδ
1067 4097 1121 4178 τῆς
1146 4095 1326 4180 Μεγαρικῆς
