3022 5080
640 537 790 598 ..5-

608 769 668 829 CA
684 771 714 829 P.
763 769 822 830 111.

265 961 290 1018 l.
333 946 423 1020 Οὕτω
446 953 474 1017 δ’
494 953 668 1022 ἐκκλαπέντι
687 959 732 1045 τῷ
750 949 873 1044 Ἀράτῳ
893 956 943 1020 καὶ
962 953 1140 1039 διαφυγόντι
1155 953 1207 1020 τόν

221 1072 357 1138 κίνδυνον
377 1070 473 1150 stade
499 1073 556 1154 μὲν
583 1070 723 1158 ἓνεφάετο
750 1075 800 1138 καὶ
822 1071 983 1158 συνηύξετο
1008 1071 1049 1138 τό
1073 1071 1207 1158 σφοδρόν

220 1189 270 1251 καὶ
290 1185 440 1274 ιλιάπυρον
459 1196 549 1271 μῖσος
568 1191 619 1255 ἐπὶ
639 1189 709 1267 τοάς
728 1187 899 1278 τυράννους.

261 1313 434 1372 Articulum
455 1307 491 1374 τό
510 1315 693 1396 ejiciendum
715 1335 773 1374 esse
792 1335 905 1375 censeo.
948 1313 1075 1373 Obstant
1094 1313 1205 1396 Irnper·

223 1431 299 1491 secta
324 1452 387 1513 quo
413 1433 515 1490 minus
540 1432 674 1512 legatur3
703 1432 776 1492 durn
802 1434 886 1491 enirn
913 1432 1018 1492 odium
1047 1453 1106 1491 una
1135 1454 1205 1492 curn

222 1552 312 1610 Arato
334 1549 534 1629 adolescebat,
560 1563 719 1635 perpetuae
746 1553 908 1612 mutationi
937 1552 1104 1612 obnoxium
1126 1563 1203 1622 erat,

221 1670 308 1750 cujus
329 1669 372 1728 rei
395 1681 503 1728 certam
526 1671 684 1729 notionem
707 1681 806 1729 tenere
827 1691 890 1729 non
911 1691 1077 1752 possumus.
1118 1671 1205 1730 Recte

221 1807 250 1845 se
269 1783 391 1845 haberet
412 1787 572 1862 articulus,
593 1787 618 1846 si
639 1787 788 1869 legeretur
808 1779 967 1867 ἕνεγόνετο,·
993 1788 1095 1870 itaque
1116 1787 1205 1847 intel·

220 1907 378 1988 ligendum
403 1918 466 1967 erat
492 1907 572 1967 illud
594 1907 717 1978 odium,
746 1907 845 1989 quod,
866 1929 904 1967 ex
925 1929 987 1990 quo
1008 1908 1115 1967 Aratus
1136 1907 1205 1966 ado·

220 2027 340 2094 leverat,
349 2045 387 2084 ex
401 2025 486 2084 sactis
498 2025 562 2106 ejus
576 2025 719 2105 apparuit
732 2023 880 2104 nobisque
891 2024 1036 2082 innotuit.
1053 2023 1205 2082 Articulus

220 2134 263 2202 τό
287 2142 437 2222 originem
465 2138 553 2200 debet
581 2141 720 2200 extremis
747 2139 854 2200 litteris
882 2137 964 2198 verbi
985 2139 1203 2222 praecedentis;

221 2258 391 2318 conseratur
416 2257 497 2316 infra
519 2257 590 2340 Cap.
613 2253 669 2316 Vll
691 2259 758 2318 init.
801 2253 852 2317 καὶ
871 2248 963 2318 πάλιν
982 2251 1072 2328 άνιεὶς
1091 2254 1133 2328 εἰς
1150 2249 1206 2338 τόν

220 2371 341 2459 πορελοιν
362 2375 432 2458 Gap.
455 2376 509 2434 LII
530 2377 599 2436 init.
640 2368 792 2436 ἐκέλευσεν
817 2373 850 2436 ἕν
869 2366 975 2459 άδὴλῳ
995 2365 1096 2461 τρόπῳ
1116 2374 1205 2436 τοῦτο

220 2492 346 2574 πρᾶξαι,
377 2492 432 2552 ubi·
451 2495 703 2576 praepositiones,
730 2492 787 2551 illa
813 2503 890 2552 recte
915 2491 1011 2552 deleta
1032 2513 1049 2551 a
1071 2492 1203 2563 Sinteni,

186 2675 191 2686 ‚
221 2611 315 2670 altera
342 2611 519 2670 etiamnunc
545 2609 689 2679 delenda,
719 2610 808 2668 etianr
837 2630 874 2667 ex
898 2608 1100 2668 antecedentis
1123 2606 1202 2668 verbi

220 2715 301 2788 exitu
323 2737 489 2809 prognatae
510 2737 589 2784 sunt.

262 2963 309 3024 10.
345 2952 444 3024 Ὅθεν
473 2955 655 3042 ἐνδεέστερον
684 2955 755 3034 ἴσως
783 2953 804 3042 ἢ
833 2959 974 3047 πολιτικῷ
1000 2958 1145 3041 προςῆκον
1165 2947 1205 3040 ἧν

219 3076 306 3164 οἶνόρί
343 3077 410 3160 περὶ
446 3073 498 3142 τόν
538 3075 627 3160 λόγον
666 3072 845 3141 ἕσποάιλασε·
878 3074 972 3140 καίτοι
1009 3071 1204 3158 γεγονέναι

220 3191 452 3274 κομψότερον
481 3193 572 3256 εἰπεῖν
597 3186 619 3274 ἢ
639 3194 723 3256 δοκεῖ
744 3193 821 3256 τισὶν
844 3193 878 3254 ἐκ
897 3194 958 3255 τῶν
976 3187 1205 3272 ὑπομνημάτων

219 3308 381 3392 κρίνουσιν,
400 3303 422 3371 ἃ
440 3307 595 3393 παρέργως
614 3308 665 3370 καὶ
683 3304 745 3370 aiud
764 3311 852 3391 χεῖρα
863 3307 916 3369 desi
927 3307 989 3370 τῶν
1001 3305 1205 3386 ἐπιτυχόντων

217 3423 376 3508 όνομάτων
398 3415 641 3510 ἁμιλλησάμενος
659 3421 805 3488 κατάλιπε.
843 3455 848 3462 ·

261 3547 345 3607 Unde
365 3545 475 3628 pendet
496 3543 672 3604 Infinitivus
689 3537 858 3624 γεγονόναιλ
880 3543 989 3603 frustra
1003 3545 1130 3626 quaeris.
1153 3539 1204 3604 Go-

220 3665 300 3725 dioes
335 3683 438 3723 omnes
472 3661 616 3724 exhibent
644 3655 845 3744 κομψότερος,
876 3663 1007 3722 Sintenis
1039 3674 1138 3722 autern
1167 3683 1204 3722 ex

221 3783 332 3842 tteiskii
362 3783 533 3863 conjectura
561 3780 644 3840 dedit
669 3771 865 3861 κομψότερον.
908 3779 1125 3860 corrigendum
1146 3768 1206 3839 esse

217 3897 297 3958 rnihi
312 3888 428 3957 ¹videtur
441 3891 539 3978 γέγονε
556 3888 753 3978 κομψότερος,
770 3897 853 3979 quod
867 3917 967 3956 sensus
980 3907 1009 3956 et
1023 3883 1205 3956 construetio

220 4013 373 4096 flagitant.
415 4014 606 4076 Infinitivurn
628 4007 776 4094 γεγονέναι
797 4025 897 4074 ortum
919 4035 977 4074 esse
992 4025 1066 4096 puto
1081 4035 1120 4072 ex
1136 4013 1206 4071 Vul-

220 4141 291 4212 gata
305 4130 434 4194 lectione
449 4129 546 4191 denaia
560 4151 614 4212 pro
629 4151 694 4189 sera
709 4129 826 4188 Codicis
842 4127 1104 4211 Sangerrnanensis
1116 4124 1206 4186 ιλοκεῖ.
