3022 5080
711 503 891 565 ...96-

307 689 431 769 triginta
459 707 555 746 annos
581 689 660 747 iuter
686 688 815 769 primam
840 699 870 754 et
896 687 977 748 hauc
1006 699 1176 770 praeturam
1195 691 1292 752 inter-

307 807 428 866 cessisse.
469 805 607 886 Legimus
626 816 725 870 autern
739 805 818 866 Plut.
831 806 912 869 Aret,
924 806 995 888 Gap.
1009 805 1058 864 41.
1070 807 1139 866 init.
1166 805 1290 870 Aratum

306 933 389 995 tum,
416 944 512 1005 quum
532 917 697 1004 στρατηγός
722 915 916 1003 αὐτοκράτωρ
944 934 1059 982 creatus
1084 933 1142 994 est,
1166 923 1290 1005 triginta

306 1052 363 1102 tres
385 1063 480 1101 anuos
499 1042 605 1102 vixisse
618 1043 686 1123 jam
704 1043 739 1100 iu
756 1041 876 1102 civitate
891 1039 1091 1102 Achaeorum.
1122 1040 1198 1102 Inde
1211 1049 1291 1122 patet

306 1179 378 1218 eum
403 1156 498 1218 tribus
526 1159 614 1220 aunis
644 1169 806 1240 autequam
831 1159 964 1240 primum
990 1167 1108 1239 praetor
1135 1155 1231 1218 factus
1254 1157 1292 1220 sit

306 1279 454 1350 Sicyonem
476 1275 514 1334 ad
535 1273 723 1336 Achaeorum
749 1276 910 1358 imperium
930 1275 1111 1358 adjunxisse.
1133 1311 1173 1318 -
1201 1273 1290 1331 Porro

306 1393 492 1454 conferamus
519 1392 602 1454 Aret.
631 1395 683 1456 vit.
710 1393 781 1476 Gap.
811 1393 861 1454 IV.
892 1394 961 1454 init.
992 1390 1074 1473 ἤδη
1100 1384 1291 1470 μειράκιονὸ

299 1510 435 1593 Ἀρατος
450 1512 492 1572 ὤν
513 1521 543 1570 et
561 1511 632 1594 Cap.
645 1511 696 1570 VI.
710 1510 766 1571 fin.
787 1501 838 1570 εἴτ’
855 1501 1055 1586 ἀλειψάμενος
1072 1504 1105 1568 ἓν
1121 1505 1166 1591 τῷ
1180 1525 1292 1585 γαμναμ

306 1623 362 1713 σΙῳ
384 1625 434 1688 καὶ
456 1619 643 1708 παραλαβών
666 1646 750 1698 τινας
774 1624 809 1686 ἔκ
828 1625 884 1706 τῆς
905 1620 1092 1704 παλαίστρας
1109 1624 1172 1685 τῶν
1187 1613 1292 1683 εἰωθό-

305 1763 367 1804 των
391 1739 484 1803 πίνειν
506 1739 556 1803 καὶ
576 1739 729 1828 ῥᾳθυμεῖν
755 1737 819 1820 μετ’
839 1737 936 1804 edred
954 1737 1159 1804 νεανίσκων
1179 1736 1293 1822 α’πῆγεν

305 1852 415 1920 οἴκαδε·
422 1903 433 1933 ,
451 1861 632 1942 reperiamus
646 1861 788 1936 Aratum,
805 1881 868 1942 quo
882 1871 1013 1943 tempore
1030 1860 1191 1942 Sicyonem
1205 1880 1292 1918 oecu-

305 1979 402 2060 parit,
425 1997 520 2040 annos
542 1978 601 2038 sere
621 1978 822 2062 septendecim
841 1989 948 2040 natum
966 1997 1042 2055 esse3
1065 1975 1175 2059 quibus
1195 1977 1219 2036 si
1240 1976 1292 2034 ad·

305 2091 422 2151 duntur
451 2104 508 2152 tres
534 2103 563 2152 et
584 2094 709 2172 triginta
741 2093 832 2176 (cons.
860 2093 942 2154 Aret.
970 2093 1041 2175 Gap.
1059 2093 1108 2154 41.
1133 2093 1217 2174 init.)
1238 2114 1292 2176 per

305 2227 381 2288 quos
407 2227 501 2289 usque
537 2208 576 2266 ad
607 2219 776 2290 praeturam
804 2211 1075 2273 extraordinariam
1104 2212 1139 2270 in
1171 2211 1291 2271 civitate

305 2323 493 2384 Achaeorum
510 2324 609 2406 degit,
637 2347 780 2386 numerus
801 2325 929 2386 efficitur
948 2328 1174 2410 quinquaginta
1196 2349 1292 2387 anno-

305 2463 383 2504 rum.
425 2443 531 2502 lllirum
550 2454 701 2525 quantum
722 2444 816 2524 igitur
835 2443 1013 2504 Plutarchus
1028 2457 1057 2504 et
1076 2443 1223 2526 Polybius
1244 2445 1291 2506 in-

305 2569 352 2620 ter
368 2579 397 2618 se
417 2559 613 2622 consentiunt
633 2559 672 2624 de
691 2581 774 2624 anno
793 2561 907 2632 aetatis,
926 2583 988 2643 quo
1008 2561 1116 2622 Aratus
1128 2556 1292 2642 στρααηγδς

305 2666 498 2758 αῧτοκρᾶνωρ
519 2687 632 2737 oreatus
651 2688 702 2742 est.
744 2677 854 2752 Quodsi
875 2689 976 2738 autem
998 2678 1070 2744 inde
1092 2677 1130 2738 ab
1151 2697 1186 2744 ee
1209 2699 1291 2737 anno

304 2804 383 2854 retro
403 2815 610 2873 numeremus,
630 2795 740 2859 Aratus
758 2794 923 2854 secundum
944 2793 1140 2858 Plutarchum
1157 2795 1291 2877 primum

305 2911 425 2974 Praetor
449 2921 521 2970 esset
546 2921 662 2974 oreatus
682 2931 764 2969 anno
788 2913 891 2974 aetatis
913 2913 1051 2978 vicesimo
1074 2913 1209 2994 septimo.
1251 2913 1291 2976 At

304 3025 442 3090 dissentit
463 3024 609 3108 Polybius
631 3023 698 3086 Lib.
719 3027 760 3085 ΙΙ.
784 3027 854 3110 Cap.
874 3026 912 3087 43
937 3028 1013 3110 53,
1035 3028 1139 3090 dicens
1161 3050 1229 3088 eum
1249 3030 1291 3088 vi-

303 3142 382 3224 ginti
409 3163 504 3202 annos
532 3153 640 3203 natum
665 3144 797 3226 primum
818 3144 984 3206 Praetorem
1008 3158 1140 3212 creatum
1158 3167 1225 3207 esse.
1249 3183 1287 3195 -·

303 3259 369 3320 lluo
388 3260 482 3342 igitur
502 3260 562 3320 loci
582 3259 703 3344 Polybii
725 3259 846 3323 obstant
861 3264 1030 3346 quominus,
1045 3263 1105 3324 hoc
1121 3264 1190 3324 loco
1210 3265 1290 3346 lega·

303 3388 354 3437 tur
368 3371 516 3462 Ἐνιαυτῷ
535 3372 564 3436 d'
583 3365 714 3459 dortour.
741 3378 864 3440 Accedit
881 3380 963 3462 quod
980 3379 1159 3440 Plutarchus
1173 3382 1216 3440 ita
1232 3381 1289 3446 sibi

304 3494 367 3574 ipse
380 3513 445 3552 non
459 3503 590 3570 constat,
611 3495 710 3574 legem
724 3517 893 3558 memorans
904 3498 1074 3582 (Aratllap.
1083 3501 1183 3560 XXIV.
1196 3497 1291 3580 med.)

304 3611 469 3672 secundum
495 3633 589 3695 quam
615 3634 681 3674 non
706 3613 817 3676 licebat
840 3615 984 3700 cuiquam
1004 3629 1175 3701 praeturam
1194 3619 1291 3678 conti·

304 3731 403 3790 nuari.
432 3731 582 3794 Praeterea
603 3744 720 3794 constat
746 3744 908 3817 utrumque
929 3735 1093 3820 Polybium
1117 3745 1147 3796 et
1174 3735 1290 3800 Plutar-

305 3846 397 3912 chum
417 3870 455 3908 εκ
468 3847 575 3908 lisdem
589 3849 733 3922 sontibus,
749 3851 832 3913 Arati
847 3854 1069 3918 commentariis
1085 3851 1288 3935 etPhylarchi

304 3961 442 4034 historia,
464 3962 604 4032 hausisse.
639 3968 718 4044 Quid
739 3971 821 4051 quod
839 3969 1016 4032 Plutarchus
1040 3971 1131 4032 etiam
1153 3969 1288 4030 adhunc

304 4081 396 4146 vitam
420 4083 551 4142 contulit
578 4083 699 4166 Polybii
720 4088 845 4170 scripta,
874 4091 922 4150 cui
945 4109 1088 4172 magnam
1109 4098 1138 4150 et
1159 4087 1285 4168 dignam
