<?xml version="1.0" encoding="UTF-8"?>
<!DOCTYPE html PUBLIC "-//W3C//DTD XHTML 1.0 Transitional//EN"
    "http://www.w3.org/TR/xhtml1/DTD/xhtml1-transitional.dtd">
<html xmlns="http://www.w3.org/1999/xhtml" xml:lang="en" lang="en">
 <head>
  <title>
</title>
<meta http-equiv="Content-Type" content="text/html;charset=utf-8" />
  <meta name='ocr-system' content='tesseract 3.04.00' />
  <meta name='ocr-capabilities' content='ocr_page ocr_carea ocr_par ocr_line ocrx_word'/>
</head>
<body>
  <div class='ocr_page' id='page_1' title='image "./specimenlittara00zeitgoog_0033.png"; bbox 0 0 3022 5080; ppageno 0'>
   <div class='ocr_carea' id='block_1_1' title="bbox 714 501 895 572">
    <p class='ocr_par' dir='ltr' id='par_1_1' title="bbox 714 501 895 572">
     <span class='ocr_line' id='line_1_1' title="bbox 714 501 895 572; baseline -0.017 -22"><span class='ocrx_word' id='word_1_1' title='bbox 714 501 895 572; x_wconf 69' lang='lat'>..22-</span> 
     </span>
    </p>
   </div>
   <div class='ocr_carea' id='block_1_2' title="bbox 312 678 1301 1126">
    <p class='ocr_par' dir='ltr' id='par_1_2' title="bbox 312 678 1301 1126">
     <span class='ocr_line' id='line_1_2' title="bbox 312 678 1298 772; baseline -0.01 -22"><span class='ocrx_word' id='word_1_2' title='bbox 312 690 410 752; x_wconf 84' lang='lat' dir='ltr'>sitam.</span> <span class='ocrx_word' id='word_1_3' title='bbox 452 689 490 756; x_wconf 82' lang='lat' dir='ltr'>in</span> <span class='ocrx_word' id='word_1_4' title='bbox 515 709 601 751; x_wconf 85' lang='lat' dir='ltr'>versu</span> <span class='ocrx_word' id='word_1_5' title='bbox 619 687 717 772; x_wconf 87' lang='lat' dir='ltr'>primo</span> <span class='ocrx_word' id='word_1_6' title='bbox 736 687 830 768; x_wconf 75' lang='lat' dir='ltr'>igitur</span> <span class='ocrx_word' id='word_1_7' title='bbox 850 706 904 770; x_wconf 85' lang='lat' dir='ltr'>pro</span> <span class='ocrx_word' id='word_1_8' title='bbox 927 703 989 751; x_wconf 75' lang='lat' dir='ltr'>voc.</span> <span class='ocrx_word' id='word_1_9' title='bbox 1011 678 1129 750; x_wconf 73' lang='lat' dir='ltr'>Ructat</span> <span class='ocrx_word' id='word_1_10' title='bbox 1150 681 1298 764; x_wconf 79' lang='lat' dir='ltr'>corrigen-</span> 
     </span>
     <span class='ocr_line' id='line_1_3' title="bbox 312 801 1299 890; baseline -0.019 -14"><span class='ocrx_word' id='word_1_11' title='bbox 312 808 387 876; x_wconf 80' lang='lat' dir='ltr'>dum</span> <span class='ocrx_word' id='word_1_12' title='bbox 413 807 495 890; x_wconf 81' lang='lat' dir='ltr'>quod</span> <span class='ocrx_word' id='word_1_13' title='bbox 523 807 664 878; x_wconf 81' lang='lat' dir='ltr'>Doricum</span> <span class='ocrx_word' id='word_1_14' title='bbox 691 817 734 871; x_wconf 84' lang='lat' dir='ltr'>est</span> <span class='ocrx_word' id='word_1_15' title='bbox 760 801 879 871; x_wconf 76' lang='grc' dir='ltr'>Βωλαὶ.</span> <span class='ocrx_word' id='word_1_16' title='bbox 918 805 955 874; x_wconf 84' lang='lat' dir='ltr'>In</span> <span class='ocrx_word' id='word_1_17' title='bbox 982 823 1067 864; x_wconf 76' lang='lat' dir='ltr'>versu</span> <span class='ocrx_word' id='word_1_18' title='bbox 1094 801 1225 863; x_wconf 85' lang='lat' dir='ltr'>secundo</span> <span class='ocrx_word' id='word_1_19' title='bbox 1245 821 1299 884; x_wconf 72' lang='lat' dir='ltr'>pto</span> 
     </span>
     <span class='ocr_line' id='line_1_4' title="bbox 316 910 1301 996; baseline -0.011 -10"><span class='ocrx_word' id='word_1_20' title='bbox 316 919 412 988; x_wconf 77' lang='grc' dir='ltr'>Τοῦδ</span> <span class='ocrx_word' id='word_1_21' title='bbox 431 922 625 991; x_wconf 84' lang='lat' dir='ltr'>scribendum</span> <span class='ocrx_word' id='word_1_22' title='bbox 649 917 749 996; x_wconf 81' lang='grc' dir='ltr'><strong><em>Τῶδ’,·</em></strong></span> <span class='ocrx_word' id='word_1_23' title='bbox 776 921 886 984; x_wconf 81' lang='lat' dir='ltr'>deinde</span> <span class='ocrx_word' id='word_1_24' title='bbox 909 918 1032 985; x_wconf 79' lang='lat' dir='ltr'>verbum</span> <span class='ocrx_word' id='word_1_25' title='bbox 1056 910 1207 982; x_wconf 74' lang='grc' dir='ltr'>πλάθεται</span> <span class='ocrx_word' id='word_1_26' title='bbox 1227 939 1243 976; x_wconf 80' lang='lat' dir='ltr'>a</span> <span class='ocrx_word' id='word_1_27' title='bbox 1263 917 1301 976; x_wconf 89' lang='lat' dir='ltr'>li-</span> 
     </span>
     <span class='ocr_line' id='line_1_5' title="bbox 313 1033 1301 1126; baseline -0.006 -25"><span class='ocrx_word' id='word_1_28' title='bbox 313 1041 423 1113; x_wconf 74' lang='lat' dir='ltr'>brariis</span> <span class='ocrx_word' id='word_1_29' title='bbox 444 1053 620 1126; x_wconf 80' lang='lat' dir='ltr'>corruptum</span> <span class='ocrx_word' id='word_1_30' title='bbox 642 1039 759 1105; x_wconf 84' lang='lat' dir='ltr'>ridetur</span> <span class='ocrx_word' id='word_1_31' title='bbox 779 1060 854 1114; x_wconf 82' lang='lat' dir='ltr'>esse3</span> <span class='ocrx_word' id='word_1_32' title='bbox 885 1057 1037 1120; x_wconf 75' lang='lat' dir='ltr'><strong>nusquam</strong></span> <span class='ocrx_word' id='word_1_33' title='bbox 1062 1035 1144 1097; x_wconf 88' lang='lat' dir='ltr'>enim</span> <span class='ocrx_word' id='word_1_34' title='bbox 1163 1035 1222 1094; x_wconf 89' lang='lat' dir='ltr'>nisi</span> <span class='ocrx_word' id='word_1_35' title='bbox 1243 1033 1301 1095; x_wconf 86' lang='lat' dir='ltr'>hoc</span> 
     </span>
    </p>
   </div>
   <div class='ocr_carea' id='block_1_3' title="bbox 315 1141 1300 1256">
    <p class='ocr_par' dir='ltr' id='par_1_3' title="bbox 315 1141 1300 1256">
     <span class='ocr_line' id='line_1_6' title="bbox 315 1141 1300 1256; baseline -0.006 -38"><span class='ocrx_word' id='word_1_36' title='bbox 315 1158 384 1219; x_wconf 90' lang='lat' dir='ltr'>looo</span> <span class='ocrx_word' id='word_1_37' title='bbox 411 1159 507 1221; x_wconf 85' lang='lat' dir='ltr'>forma</span> <span class='ocrx_word' id='word_1_38' title='bbox 533 1159 648 1241; x_wconf 77' lang='lat' dir='ltr'>passiva</span> <span class='ocrx_word' id='word_1_39' title='bbox 670 1156 727 1256; x_wconf 67' lang='lat' dir='ltr'>foci</span> <span class='ocrx_word' id='word_1_40' title='bbox 745 1149 861 1220; x_wconf 78' lang='grc' dir='ltr'><strong><em>πλάθιο</em></strong></span> <span class='ocrx_word' id='word_1_41' title='bbox 883 1154 1022 1219; x_wconf 84' lang='lat' dir='ltr'>occurrit.</span> <span class='ocrx_word' id='word_1_42' title='bbox 1062 1153 1166 1234; x_wconf 85' lang='lat' dir='ltr'>Ipsum</span> <span class='ocrx_word' id='word_1_43' title='bbox 1186 1141 1300 1216; x_wconf 63' lang='lat' dir='ltr'>utino</span> 
     </span>
    </p>
   </div>
   <div class='ocr_carea' id='block_1_4' title="bbox 308 1269 1317 4163">
    <p class='ocr_par' dir='ltr' id='par_1_4' title="bbox 308 1269 1304 2060">
     <span class='ocr_line' id='line_1_7' title="bbox 308 1269 1300 1360; baseline -0.001 -26"><span class='ocrx_word' id='word_1_44' title='bbox 308 1285 509 1360; x_wconf 72' lang='lat' dir='ltr'>¹‹qrpropinqnu</span> <span class='ocrx_word' id='word_1_45' title='bbox 530 1273 644 1358; x_wconf 79' lang='lat' dir='ltr'>ubique</span> <span class='ocrx_word' id='word_1_46' title='bbox 665 1274 855 1336; x_wconf 81' lang='lat' dir='ltr'>intransitive</span> <span class='ocrx_word' id='word_1_47' title='bbox 874 1283 1036 1354; x_wconf 76' lang='lat' dir='ltr'>usurpatur</span> <span class='ocrx_word' id='word_1_48' title='bbox 1057 1291 1076 1334; x_wconf 83' lang='lat' dir='ltr'>a</span> <span class='ocrx_word' id='word_1_49' title='bbox 1095 1269 1206 1340; x_wconf 77' lang='lat' dir='ltr'>Poc&#39;tis,</span> <span class='ocrx_word' id='word_1_50' title='bbox 1231 1290 1300 1334; x_wconf 80' lang='lat' dir='ltr'>con·</span> 
     </span>
     <span class='ocr_line' id='line_1_8' title="bbox 315 1385 1299 1474; baseline -0.004 -24"><span class='ocrx_word' id='word_1_51' title='bbox 315 1390 426 1460; x_wconf 77' lang='lat' dir='ltr'>seratur</span> <span class='ocrx_word' id='word_1_52' title='bbox 446 1390 572 1474; x_wconf 85' lang='lat' dir='ltr'>Sophoo.</span> <span class='ocrx_word' id='word_1_53' title='bbox 596 1390 688 1460; x_wconf 57' lang='lat' dir='ltr'>Eleon</span> <span class='ocrx_word' id='word_1_54' title='bbox 710 1411 750 1454; x_wconf 80' lang='lat' dir='ltr'>vs.</span> <span class='ocrx_word' id='word_1_55' title='bbox 772 1389 841 1456; x_wconf 86' lang='grc'><strong>220.</strong></span> <span class='ocrx_word' id='word_1_56' title='bbox 884 1387 1011 1454; x_wconf 72' lang='lat' dir='ltr'>Philone.</span> <span class='ocrx_word' id='word_1_57' title='bbox 1031 1409 1072 1448; x_wconf 82' lang='lat' dir='ltr'>rs.</span> <span class='ocrx_word' id='word_1_58' title='bbox 1091 1386 1163 1448; x_wconf 79' lang='lat'><strong>728.</strong></span> <span class='ocrx_word' id='word_1_59' title='bbox 1196 1385 1299 1470; x_wconf 76' lang='lat' dir='ltr'>Eurip,</span> 
     </span>
     <span class='ocr_line' id='line_1_9' title="bbox 316 1502 1303 1589; baseline -0.008 -18"><span class='ocrx_word' id='word_1_60' title='bbox 316 1509 382 1578; x_wconf 69' lang='lat' dir='ltr'>Alc.</span> <span class='ocrx_word' id='word_1_61' title='bbox 403 1530 443 1571; x_wconf 81' lang='lat' dir='ltr'>rs.</span> <span class='ocrx_word' id='word_1_62' title='bbox 465 1508 535 1580; x_wconf 77' lang='lat'>117,</span> <span class='ocrx_word' id='word_1_63' title='bbox 579 1509 675 1584; x_wconf 83' lang='lat' dir='ltr'>Quare</span> <span class='ocrx_word' id='word_1_64' title='bbox 700 1507 865 1588; x_wconf 81' lang='lat' dir='ltr'>legendum</span> <span class='ocrx_word' id='word_1_65' title='bbox 887 1527 945 1568; x_wconf 86' lang='lat' dir='ltr'>esse</span> <span class='ocrx_word' id='word_1_66' title='bbox 964 1507 1097 1589; x_wconf 84' lang='lat' dir='ltr'>conjicio</span> <span class='ocrx_word' id='word_1_67' title='bbox 1117 1525 1172 1588; x_wconf 89' lang='lat' dir='ltr'>pro</span> <span class='ocrx_word' id='word_1_68' title='bbox 1189 1502 1303 1567; x_wconf 87' lang='grc' dir='ltr'><em>ΠΛΑ·</em></span> 
     </span>
     <span class='ocr_line' id='line_1_10' title="bbox 318 1621 1304 1710; baseline -0.007 -23"><span class='ocrx_word' id='word_1_69' title='bbox 318 1623 462 1698; x_wconf 80' lang='grc' dir='ltr'><em>ΘΕΤΑΙ</em></span> <span class='ocrx_word' id='word_1_70' title='bbox 464 1670 474 1700; x_wconf 82' lang='grc'><strong><em>,</em></strong></span> <span class='ocrx_word' id='word_1_71' title='bbox 493 1624 709 1693; x_wconf 82' lang='grc' dir='ltr'><em>ΑΠΤΕΤΑΙ</em></span> <span class='ocrx_word' id='word_1_72' title='bbox 713 1625 832 1707; x_wconf 61' lang='lat' dir='ltr'>,1quod</span> <span class='ocrx_word' id='word_1_73' title='bbox 852 1623 904 1686; x_wconf 93' lang='lat' dir='ltr'>hie</span> <span class='ocrx_word' id='word_1_74' title='bbox 927 1624 1091 1707; x_wconf 84' lang='lat' dir='ltr'>requiritur</span> <span class='ocrx_word' id='word_1_75' title='bbox 1098 1646 1106 1710; x_wconf 67' lang='lat' dir='ltr'>j</span> <span class='ocrx_word' id='word_1_76' title='bbox 1134 1621 1304 1689; x_wconf 74' lang='lat' dir='ltr'>conseratur</span> 
     </span>
     <span class='ocr_line' id='line_1_11' title="bbox 319 1739 773 1812; baseline 0.007 -12"><span class='ocrx_word' id='word_1_77' title='bbox 319 1741 442 1812; x_wconf 81' lang='lat' dir='ltr'>Pindari</span> <span class='ocrx_word' id='word_1_78' title='bbox 464 1739 568 1811; x_wconf 84' lang='lat' dir='ltr'>Isthm.</span> <span class='ocrx_word' id='word_1_79' title='bbox 591 1741 638 1810; x_wconf 89' lang='lat' dir='ltr'>III</span> <span class='ocrx_word' id='word_1_80' title='bbox 663 1761 702 1802; x_wconf 84' lang='lat' dir='ltr'>rs.</span> <span class='ocrx_word' id='word_1_81' title='bbox 723 1741 773 1803; x_wconf 82' lang='lat'>30.</span> 
     </span>
     <span class='ocr_line' id='line_1_12' title="bbox 602 1848 982 1946; baseline 0.005 -28"><span class='ocrx_word' id='word_1_82' title='bbox 602 1850 738 1946; x_wconf 74' lang='lat' dir='ltr'>n&#39;vopiotc</span> <span class='ocrx_word' id='word_1_83' title='bbox 758 1851 787 1917; x_wconf 83' lang='grc' dir='ltr'>δ’</span> <span class='ocrx_word' id='word_1_84' title='bbox 806 1848 982 1939; x_wconf 69' lang='grc' dir='ltr'><strong><em>ἐσχάταισιν</em></strong></span> 
     </span>
     <span class='ocr_line' id='line_1_13' title="bbox 480 1963 1139 2060; baseline 0.003 -19"><span class='ocrx_word' id='word_1_85' title='bbox 480 1969 600 2043; x_wconf 70' lang='grc' dir='ltr'><strong><em>οἴκοθεν</em></strong></span> <span class='ocrx_word' id='word_1_86' title='bbox 619 1970 776 2040; x_wconf 68' lang='grc' dir='ltr'><strong><em>στάλαισιν</em></strong></span> <span class='ocrx_word' id='word_1_87' title='bbox 796 1963 926 2042; x_wconf 69' lang='grc' dir='ltr'><strong><em>ἅπτονθ’</em></strong></span> <span class='ocrx_word' id='word_1_88' title='bbox 944 1971 1139 2060; x_wconf 64' lang='grc' dir='ltr'><strong><em>Ἡρακλείαις.</em></strong></span> 
     </span>
    </p>

    <p class='ocr_par' dir='ltr' id='par_1_5' title="bbox 320 2093 1317 4163">
     <span class='ocr_line' id='line_1_14' title="bbox 320 2093 1306 2178; baseline 0 -23"><span class='ocrx_word' id='word_1_89' title='bbox 320 2096 358 2155; x_wconf 92' lang='lat' dir='ltr'>In</span> <span class='ocrx_word' id='word_1_90' title='bbox 377 2117 461 2156; x_wconf 84' lang='lat' dir='ltr'>versu</span> <span class='ocrx_word' id='word_1_91' title='bbox 478 2097 565 2155; x_wconf 90' lang='lat' dir='ltr'>tertio</span> <span class='ocrx_word' id='word_1_92' title='bbox 584 2096 714 2176; x_wconf 82' lang='lat' dir='ltr'>legimus</span> <span class='ocrx_word' id='word_1_93' title='bbox 725 2094 848 2178; x_wconf 68' lang='grc' dir='ltr'><strong><em>Ἀμμςς</em></strong></span> <span class='ocrx_word' id='word_1_94' title='bbox 866 2095 1038 2166; x_wconf 73' lang='lat' dir='ltr'>Aeolicum,</span> <span class='ocrx_word' id='word_1_95' title='bbox 1060 2093 1112 2157; x_wconf 83' lang='lat' dir='ltr'>sed</span> <span class='ocrx_word' id='word_1_96' title='bbox 1129 2105 1224 2164; x_wconf 82' lang='lat' dir='ltr'>cetera</span> <span class='ocrx_word' id='word_1_97' title='bbox 1243 2113 1306 2160; x_wconf 71' lang='lat' dir='ltr'>ora÷</span> 
     </span>
     <span class='ocr_line' id='line_1_15' title="bbox 320 2205 1309 2293; baseline -0.005 -22"><span class='ocrx_word' id='word_1_98' title='bbox 320 2213 364 2271; x_wconf 90' lang='lat' dir='ltr'>tio</span> <span class='ocrx_word' id='word_1_99' title='bbox 382 2211 490 2271; x_wconf 85' lang='lat' dir='ltr'>Dorica</span> <span class='ocrx_word' id='word_1_100' title='bbox 507 2211 626 2292; x_wconf 82' lang='lat' dir='ltr'>flagitat</span> <span class='ocrx_word' id='word_1_101' title='bbox 642 2221 671 2270; x_wconf 86' lang='lat' dir='ltr'>et</span> <span class='ocrx_word' id='word_1_102' title='bbox 691 2209 743 2269; x_wconf 90' lang='lat' dir='ltr'>hic</span> <span class='ocrx_word' id='word_1_103' title='bbox 761 2231 850 2270; x_wconf 87' lang='lat' dir='ltr'>suum</span> <span class='ocrx_word' id='word_1_104' title='bbox 870 2205 981 2287; x_wconf 74' lang='grc' dir='ltr'><strong><em>Ἁμὲς,</em></strong></span> <span class='ocrx_word' id='word_1_105' title='bbox 1005 2210 1087 2293; x_wconf 88' lang='lat' dir='ltr'>quod</span> <span class='ocrx_word' id='word_1_106' title='bbox 1110 2211 1204 2290; x_wconf 84' lang='lat' dir='ltr'>igitur</span> <span class='ocrx_word' id='word_1_107' title='bbox 1225 2209 1309 2267; x_wconf 82' lang='lat' dir='ltr'>resti·</span> 
     </span>
     <span class='ocr_line' id='line_1_16' title="bbox 322 2323 1310 2406; baseline -0.004 -18"><span class='ocrx_word' id='word_1_108' title='bbox 322 2328 481 2388; x_wconf 88' lang='lat' dir='ltr'>tuendum.</span> <span class='ocrx_word' id='word_1_109' title='bbox 530 2329 614 2386; x_wconf 85' lang='lat' dir='ltr'>Hanc</span> <span class='ocrx_word' id='word_1_110' title='bbox 647 2327 864 2386; x_wconf 82' lang='lat' dir='ltr'>correctionem</span> <span class='ocrx_word' id='word_1_111' title='bbox 892 2325 1119 2406; x_wconf 80' lang='lat' dir='ltr'>quodammodo</span> <span class='ocrx_word' id='word_1_112' title='bbox 1144 2323 1310 2385; x_wconf 83' lang='lat' dir='ltr'>confirmat</span> 
     </span>
     <span class='ocr_line' id='line_1_17' title="bbox 322 2431 1309 2521; baseline -0.004 -16"><span class='ocrx_word' id='word_1_113' title='bbox 322 2446 412 2505; x_wconf 91' lang='lat' dir='ltr'>lectio</span> <span class='ocrx_word' id='word_1_114' title='bbox 430 2445 522 2504; x_wconf 83' lang='lat' dir='ltr'>trium</span> <span class='ocrx_word' id='word_1_115' title='bbox 541 2443 685 2503; x_wconf 88' lang='lat' dir='ltr'>Codicum</span> <span class='ocrx_word' id='word_1_116' title='bbox 707 2444 738 2502; x_wconf 81' lang='lat' dir='ltr'>P.</span> <span class='ocrx_word' id='word_1_117' title='bbox 750 2443 772 2508; x_wconf 90' lang='lat' dir='ltr'>i.</span> <span class='ocrx_word' id='word_1_118' title='bbox 788 2464 813 2501; x_wconf 83' lang='lat' dir='ltr'>a.</span> <span class='ocrx_word' id='word_1_119' title='bbox 834 2445 919 2519; x_wconf 77' lang='grc' dir='ltr'><strong><em>ἂμιις</em></strong></span> <span class='ocrx_word' id='word_1_120' title='bbox 934 2454 962 2502; x_wconf 86' lang='lat' dir='ltr'>et</span> <span class='ocrx_word' id='word_1_121' title='bbox 973 2443 1089 2503; x_wconf 88' lang='lat' dir='ltr'>Codicis</span> <span class='ocrx_word' id='word_1_122' title='bbox 1105 2443 1136 2501; x_wconf 88' lang='lat' dir='ltr'>C.</span> <span class='ocrx_word' id='word_1_123' title='bbox 1152 2431 1258 2521; x_wconf 74' lang='grc' dir='ltr'><strong><em>ἅμμος.</em></strong></span> <span class='ocrx_word' id='word_1_124' title='bbox 1268 2476 1309 2487; x_wconf 93' lang='grc'><strong>-</strong></span> 
     </span>
     <span class='ocr_line' id='line_1_18' title="bbox 323 2552 1310 2651; baseline -0.004 -30"><span class='ocrx_word' id='word_1_125' title='bbox 323 2564 362 2632; x_wconf 83' lang='lat' dir='ltr'>In</span> <span class='ocrx_word' id='word_1_126' title='bbox 383 2583 467 2624; x_wconf 86' lang='lat' dir='ltr'>versu</span> <span class='ocrx_word' id='word_1_127' title='bbox 487 2571 594 2651; x_wconf 85' lang='lat' dir='ltr'>quarto</span> <span class='ocrx_word' id='word_1_128' title='bbox 614 2581 678 2626; x_wconf 85' lang='lat' dir='ltr'>voc.</span> <span class='ocrx_word' id='word_1_129' title='bbox 697 2559 909 2630; x_wconf 83' lang='lat' dir='ltr'>semidoricum</span> <span class='ocrx_word' id='word_1_130' title='bbox 927 2552 1087 2640; x_wconf 77' lang='grc' dir='ltr'><strong><em>Σςόοαμεν</em></strong></span> <span class='ocrx_word' id='word_1_131' title='bbox 1106 2561 1139 2620; x_wconf 93' lang='lat' dir='ltr'>iu</span> <span class='ocrx_word' id='word_1_132' title='bbox 1158 2561 1310 2640; x_wconf 84' lang='lat' dir='ltr'>integrum</span> 
     </span>
     <span class='ocr_line' id='line_1_19' title="bbox 323 2668 1311 2758; baseline 0.003 -22"><span class='ocrx_word' id='word_1_133' title='bbox 323 2677 461 2746; x_wconf 84' lang='lat' dir='ltr'>restituas</span> <span class='ocrx_word' id='word_1_134' title='bbox 493 2676 669 2758; x_wconf 81' lang='lat' dir='ltr'>corrigendo</span> <span class='ocrx_word' id='word_1_135' title='bbox 699 2668 867 2752; x_wconf 69' lang='grc' dir='ltr'><strong><em>Στόσαμις.</em></strong></span> <span class='ocrx_word' id='word_1_136' title='bbox 914 2677 1062 2745; x_wconf 67' lang='lat' dir='ltr'>Postremo</span> <span class='ocrx_word' id='word_1_137' title='bbox 1084 2697 1182 2743; x_wconf 82' lang='lat' dir='ltr'>versus</span> <span class='ocrx_word' id='word_1_138' title='bbox 1209 2687 1311 2746; x_wconf 78' lang='lat' dir='ltr'>sextus</span> 
     </span>
     <span class='ocr_line' id='line_1_20' title="bbox 325 2785 1312 2885; baseline -0.001 -29"><span class='ocrx_word' id='word_1_139' title='bbox 325 2793 496 2877; x_wconf 85' lang='lat' dir='ltr'>corruptela</span> <span class='ocrx_word' id='word_1_140' title='bbox 524 2792 651 2854; x_wconf 83' lang='lat' dir='ltr'>laborat.</span> <span class='ocrx_word' id='word_1_141' title='bbox 699 2795 770 2868; x_wconf 87' lang='lat' dir='ltr'>Quis</span> <span class='ocrx_word' id='word_1_142' title='bbox 803 2793 935 2885; x_wconf 67' lang='lat' dir='ltr'>explicet</span> <span class='ocrx_word' id='word_1_143' title='bbox 966 2785 1096 2872; x_wconf 76' lang='grc' dir='ltr'><strong><em>Δαίμον’</em></strong></span> <span class='ocrx_word' id='word_1_144' title='bbox 1125 2786 1213 2866; x_wconf 71' lang='lat' dir='ltr'>inuri</span> <span class='ocrx_word' id='word_1_145' title='bbox 1256 2792 1312 2862; x_wconf 76' lang='lat' dir='ltr'>Sed</span> 
     </span>
     <span class='ocr_line' id='line_1_21' title="bbox 325 2910 1313 2993; baseline -0.002 -20"><span class='ocrx_word' id='word_1_146' title='bbox 325 2913 393 2973; x_wconf 90' lang='lat' dir='ltr'>loco</span> <span class='ocrx_word' id='word_1_147' title='bbox 418 2911 585 2972; x_wconf 88' lang='lat' dir='ltr'>remedium</span> <span class='ocrx_word' id='word_1_148' title='bbox 605 2910 775 2985; x_wconf 76' lang='lat' dir='ltr'>fecerimus,</span> <span class='ocrx_word' id='word_1_149' title='bbox 804 2912 847 2981; x_wconf 83' lang='lat' dir='ltr'>si,</span> <span class='ocrx_word' id='word_1_150' title='bbox 876 2911 975 2980; x_wconf 75' lang='lat' dir='ltr'>littera</span> <span class='ocrx_word' id='word_1_151' title='bbox 997 2928 1017 2972; x_wconf 90' lang='grc' dir='ltr'><strong><em>σ</em></strong></span> <span class='ocrx_word' id='word_1_152' title='bbox 1037 2911 1149 2984; x_wconf 78' lang='lat' dir='ltr'>deleto,</span> <span class='ocrx_word' id='word_1_153' title='bbox 1176 2913 1313 2993; x_wconf 87' lang='lat' dir='ltr'>sejuncta</span> 
     </span>
     <span class='ocr_line' id='line_1_22' title="bbox 327 3025 1313 3116; baseline 0.002 -30"><span class='ocrx_word' id='word_1_154' title='bbox 327 3028 420 3086; x_wconf 92' lang='lat' dir='ltr'>unius</span> <span class='ocrx_word' id='word_1_155' title='bbox 441 3027 521 3086; x_wconf 86' lang='lat' dir='ltr'>vocis</span> <span class='ocrx_word' id='word_1_156' title='bbox 543 3025 676 3087; x_wconf 85' lang='lat' dir='ltr'>membro</span> <span class='ocrx_word' id='word_1_157' title='bbox 700 3029 957 3113; x_wconf 81' lang='lat' dir='ltr'>conjunxerimus.</span> <span class='ocrx_word' id='word_1_158' title='bbox 991 3026 1188 3088; x_wconf 80' lang='lat' dir='ltr'>scribendum</span> <span class='ocrx_word' id='word_1_159' title='bbox 1209 3030 1313 3116; x_wconf 84' lang='lat' dir='ltr'>itaque</span> 
     </span>
     <span class='ocr_line' id='line_1_23' title="bbox 328 3135 1314 3238; baseline -0.004 -32"><span class='ocrx_word' id='word_1_160' title='bbox 328 3135 503 3222; x_wconf 80' lang='grc' dir='ltr'><strong><em>Δαιμόνιον.</em></strong></span> <span class='ocrx_word' id='word_1_161' title='bbox 544 3143 656 3204; x_wconf 86' lang='lat' dir='ltr'>Passim</span> <span class='ocrx_word' id='word_1_162' title='bbox 680 3145 762 3228; x_wconf 80' lang='lat' dir='ltr'>apud</span> <span class='ocrx_word' id='word_1_163' title='bbox 789 3146 950 3238; x_wconf 80' lang='lat' dir='ltr'>Scriptores</span> <span class='ocrx_word' id='word_1_164' title='bbox 977 3156 1140 3218; x_wconf 71' lang='lat' dir='ltr'>occurrunt</span> <span class='ocrx_word' id='word_1_165' title='bbox 1165 3145 1314 3228; x_wconf 65' lang='lat' dir='ltr'>adjectivo</span> 
     </span>
     <span class='ocr_line' id='line_1_24' title="bbox 329 3253 1312 3344; baseline -0.003 -22"><span class='ocrx_word' id='word_1_166' title='bbox 329 3253 482 3339; x_wconf 80' lang='grc' dir='ltr'><strong><em>δαιμόνιος</em></strong></span> <span class='ocrx_word' id='word_1_167' title='bbox 502 3273 530 3322; x_wconf 88' lang='lat' dir='ltr'>ot</span> <span class='ocrx_word' id='word_1_168' title='bbox 549 3261 635 3334; x_wconf 73' lang='grc' dir='ltr'><strong><em>θεῖος</em></strong></span> <span class='ocrx_word' id='word_1_169' title='bbox 654 3263 832 3344; x_wconf 79' lang='lat' dir='ltr'>conjunctn3</span> <span class='ocrx_word' id='word_1_170' title='bbox 856 3261 1030 3322; x_wconf 80' lang='lat' dir='ltr'>conferatur·</span> <span class='ocrx_word' id='word_1_171' title='bbox 1046 3260 1194 3322; x_wconf 80' lang='lat' dir='ltr'>Demosth.</span> <span class='ocrx_word' id='word_1_172' title='bbox 1217 3261 1265 3332; x_wconf 86' lang='grc' dir='ltr'>ΙΙ,</span> <span class='ocrx_word' id='word_1_173' title='bbox 1286 3261 1312 3320; x_wconf 83' lang='grc'>1.</span> 
     </span>
     <span class='ocr_line' id='line_1_25' title="bbox 329 3373 1313 3472; baseline 0 -36"><span class='ocrx_word' id='word_1_174' title='bbox 329 3373 471 3467; x_wconf 64' lang='grc' dir='ltr'><strong><em>δαιμονία</em></strong></span> <span class='ocrx_word' id='word_1_175' title='bbox 489 3373 548 3438; x_wconf 76' lang='grc' dir='ltr'><strong><em>τινὶ</em></strong></span> <span class='ocrx_word' id='word_1_176' title='bbox 565 3373 615 3438; x_wconf 75' lang='grc' dir='ltr'>καὶ</span> <span class='ocrx_word' id='word_1_177' title='bbox 631 3373 698 3472; x_wconf 63' lang='grc' dir='ltr'><strong><em>θιίςι</em></strong></span> <span class='ocrx_word' id='word_1_178' title='bbox 715 3373 871 3468; x_wconf 66' lang='grc' dir='ltr'>εὐεργεσίᾳ.</span> <span class='ocrx_word' id='word_1_179' title='bbox 892 3379 971 3448; x_wconf 84' lang='lat' dir='ltr'>Plut.</span> <span class='ocrx_word' id='word_1_180' title='bbox 992 3379 1094 3446; x_wconf 76' lang='lat' dir='ltr'>Mornl.</span> <span class='ocrx_word' id='word_1_181' title='bbox 1116 3380 1188 3462; x_wconf 71' lang='lat' dir='ltr'>Ing.</span> <span class='ocrx_word' id='word_1_182' title='bbox 1207 3377 1258 3454; x_wconf 80' lang='lat'>24,</span> <span class='ocrx_word' id='word_1_183' title='bbox 1279 3377 1313 3437; x_wconf 87' lang='grc' dir='ltr'>Α.</span> 
     </span>
     <span class='ocr_line' id='line_1_26' title="bbox 323 3480 1316 3584; baseline 0.003 -32"><span class='ocrx_word' id='word_1_184' title='bbox 323 3480 443 3576; x_wconf 80' lang='grc' dir='ltr'>Ὥσπερ</span> <span class='ocrx_word' id='word_1_185' title='bbox 456 3486 543 3573; x_wconf 66' lang='grc' dir='ltr'><strong><em>ἡμεῖς</em></strong></span> <span class='ocrx_word' id='word_1_186' title='bbox 560 3488 609 3557; x_wconf 85' lang='grc' dir='ltr'>καὶ</span> <span class='ocrx_word' id='word_1_187' title='bbox 625 3485 790 3577; x_wconf 73' lang='grc' dir='ltr'><strong><em>πράγματα</em></strong></span> <span class='ocrx_word' id='word_1_188' title='bbox 801 3491 851 3554; x_wconf 79' lang='grc' dir='ltr'>καὶ</span> <span class='ocrx_word' id='word_1_189' title='bbox 866 3495 933 3583; x_wconf 71' lang='grc' dir='ltr'>ἢθη</span> <span class='ocrx_word' id='word_1_190' title='bbox 948 3491 999 3566; x_wconf 72' lang='grc' dir='ltr'>καὶ</span> <span class='ocrx_word' id='word_1_191' title='bbox 1014 3488 1053 3584; x_wconf 66' lang='grc' dir='ltr'><strong><em>νῆ</em></strong></span> <span class='ocrx_word' id='word_1_192' title='bbox 1069 3491 1133 3566; x_wconf 80' lang='grc' dir='ltr'>Δία</span> <span class='ocrx_word' id='word_1_193' title='bbox 1145 3486 1252 3575; x_wconf 75' lang='grc' dir='ltr'><strong><em>λόγους</em></strong></span> <span class='ocrx_word' id='word_1_194' title='bbox 1265 3492 1316 3555; x_wconf 74' lang='grc' dir='ltr'>καὶ</span> 
     </span>
     <span class='ocr_line' id='line_1_27' title="bbox 330 3597 1316 3699; baseline 0.002 -28"><span class='ocrx_word' id='word_1_195' title='bbox 330 3607 442 3691; x_wconf 82' lang='grc' dir='ltr'><strong><em>ἄνδρας</em></strong></span> <span class='ocrx_word' id='word_1_196' title='bbox 470 3597 624 3690; x_wconf 71' lang='grc' dir='ltr'><strong><em>εἰώθαμεν</em></strong></span> <span class='ocrx_word' id='word_1_197' title='bbox 659 3606 833 3690; x_wconf 79' lang='grc' dir='ltr'><strong><em>δαιμονίους</em></strong></span> <span class='ocrx_word' id='word_1_198' title='bbox 864 3608 915 3675; x_wconf 80' lang='grc' dir='ltr'>καὶ</span> <span class='ocrx_word' id='word_1_199' title='bbox 948 3606 1052 3683; x_wconf 75' lang='grc' dir='ltr'><strong><em>θείους</em></strong></span> <span class='ocrx_word' id='word_1_200' title='bbox 1085 3607 1316 3699; x_wconf 78' lang='grc' dir='ltr'><strong><em>προςαγορεύειν.</em></strong></span> 
     </span>
     <span class='ocr_line' id='line_1_28' title="bbox 331 3718 1316 3822; baseline -0.001 -33"><span class='ocrx_word' id='word_1_201' title='bbox 331 3727 430 3810; x_wconf 77' lang='lat' dir='ltr'>Atque</span> <span class='ocrx_word' id='word_1_202' title='bbox 450 3727 634 3810; x_wconf 84' lang='lat' dir='ltr'>adjectivum</span> <span class='ocrx_word' id='word_1_203' title='bbox 651 3718 803 3809; x_wconf 82' lang='grc' dir='ltr'><strong><em>δαιμόνιος</em></strong></span> <span class='ocrx_word' id='word_1_204' title='bbox 824 3749 983 3792; x_wconf 86' lang='lat' dir='ltr'>commune</span> <span class='ocrx_word' id='word_1_205' title='bbox 1000 3750 1121 3822; x_wconf 80' lang='lat' dir='ltr'>quoque</span> <span class='ocrx_word' id='word_1_206' title='bbox 1134 3730 1254 3812; x_wconf 84' lang='lat' dir='ltr'>utrique</span> <span class='ocrx_word' id='word_1_207' title='bbox 1268 3751 1316 3810; x_wconf 83' lang='lat' dir='ltr'>ge-</span> 
     </span>
     <span class='ocr_line' id='line_1_29' title="bbox 332 3843 1315 3929; baseline 0.002 -25"><span class='ocrx_word' id='word_1_208' title='bbox 332 3845 399 3904; x_wconf 89' lang='lat' dir='ltr'>neri</span> <span class='ocrx_word' id='word_1_209' title='bbox 413 3856 590 3926; x_wconf 81' lang='lat' dir='ltr'>usurpatur,</span> <span class='ocrx_word' id='word_1_210' title='bbox 606 3844 777 3905; x_wconf 84' lang='lat' dir='ltr'>conferatur</span> <span class='ocrx_word' id='word_1_211' title='bbox 794 3843 934 3928; x_wconf 78' lang='lat' dir='ltr'>Aeschyl.</span> <span class='ocrx_word' id='word_1_212' title='bbox 951 3846 1030 3929; x_wconf 86' lang='lat' dir='ltr'>Sept.</span> <span class='ocrx_word' id='word_1_213' title='bbox 1046 3869 1071 3916; x_wconf 85' lang='lat' dir='ltr'>e.¹</span> <span class='ocrx_word' id='word_1_214' title='bbox 1082 3846 1173 3920; x_wconf 77' lang='lat' dir='ltr'>Theb.</span> <span class='ocrx_word' id='word_1_215' title='bbox 1190 3869 1230 3908; x_wconf 83' lang='lat' dir='ltr'>vs.</span> <span class='ocrx_word' id='word_1_216' title='bbox 1245 3847 1315 3908; x_wconf 84' lang='lat'><strong>873.</strong></span> 
     </span>
     <span class='ocr_line' id='line_1_30' title="bbox 332 3959 1317 4046; baseline 0.006 -27"><span class='ocrx_word' id='word_1_217' title='bbox 332 3960 414 4043; x_wconf 80' lang='lat' dir='ltr'>Lysi.</span> <span class='ocrx_word' id='word_1_218' title='bbox 433 3961 484 4020; x_wconf 84' lang='lat' dir='ltr'>vl.</span> <span class='ocrx_word' id='word_1_219' title='bbox 501 3960 549 4020; x_wconf 80' lang='lat'>32.</span> <span class='ocrx_word' id='word_1_220' title='bbox 571 3972 601 4021; x_wconf 87' lang='lat' dir='ltr'>et</span> <span class='ocrx_word' id='word_1_221' title='bbox 621 3961 700 4021; x_wconf 90' lang='lat' dir='ltr'>Plut.</span> <span class='ocrx_word' id='word_1_222' title='bbox 723 3961 824 4024; x_wconf 85' lang='lat' dir='ltr'>Moral.</span> <span class='ocrx_word' id='word_1_223' title='bbox 846 3962 916 4046; x_wconf 80' lang='lat' dir='ltr'>Peg.</span> <span class='ocrx_word' id='word_1_224' title='bbox 939 3963 1009 4038; x_wconf 75' lang='lat'><strong>438,</strong></span> <span class='ocrx_word' id='word_1_225' title='bbox 1024 3963 1055 4024; x_wconf 84' lang='lat' dir='ltr'>G.</span> <span class='ocrx_word' id='word_1_226' title='bbox 1090 3965 1179 4038; x_wconf 73' lang='lat' dir='ltr'>&#39;Eure</span> <span class='ocrx_word' id='word_1_227' title='bbox 1193 3959 1229 4026; x_wconf 77' lang='grc' dir='ltr'>δὲ</span> <span class='ocrx_word' id='word_1_228' title='bbox 1245 3960 1317 4026; x_wconf 73' lang='grc' dir='ltr'>θεία</span> 
     </span>
     <span class='ocr_line' id='line_1_31' title="bbox 333 4051 950 4163; baseline 0.005 -26"><span class='ocrx_word' id='word_1_229' title='bbox 333 4072 390 4156; x_wconf 80' lang='grc' dir='ltr'>μὲν</span> <span class='ocrx_word' id='word_1_230' title='bbox 406 4080 497 4150; x_wconf 81' lang='grc' dir='ltr'><strong><em>ὄντως</em></strong></span> <span class='ocrx_word' id='word_1_231' title='bbox 516 4075 565 4141; x_wconf 83' lang='grc' dir='ltr'>καὶ</span> <span class='ocrx_word' id='word_1_232' title='bbox 580 4068 732 4155; x_wconf 84' lang='grc' dir='ltr'><strong><em>δαιμόνιος</em></strong></span> <span class='ocrx_word' id='word_1_233' title='bbox 748 4075 782 4162; x_wconf 82' lang='grc' dir='ltr'>(η’</span> <span class='ocrx_word' id='word_1_234' title='bbox 802 4051 950 4163; x_wconf 70' lang='grc' dir='ltr'><strong><em>δύναμις).</em></strong></span> 
     </span>
    </p>
   </div>
   <div class='ocr_carea' id='block_1_5' title="bbox 0 0 1548 5080">
    <p class='ocr_par' dir='ltr' id='par_1_6' title="bbox 0 0 1548 5080">
     <span class='ocr_line' id='line_1_32' title="bbox 0 0 1548 5080; baseline 0 0"><span class='ocrx_word' id='word_1_235' title='bbox 0 0 1548 5080; x_wconf 95' lang='lat' dir='ltr'> </span> 
     </span>
    </p>
   </div>
  </div>
 </body>
</html>
