3022 5080
659 551 817 590 ...1-

642 760 749 822 CAP.
792 763 827 822 V.

278 947 308 1008 9.
350 943 580 1028 Βουλιυομένου
611 945 640 1010 δ’
667 945 764 1014 αὐτοῦ
792 947 904 1034 χωρίον
931 974 960 1013 τι
988 951 1043 1033 τῆς
1066 949 1230 1026 Σικυωνίας

185 1141 189 1146 Ι
237 1067 433 1146 καταλαβεῖν,
459 1057 538 1129 ὅθεν
573 1063 797 1150 ώρμημένος
834 1061 1047 1152 διαπολεμήσει
1077 1064 1152 1154 πρὸς
1176 1065 1229 1132 τὸν

238 1174 400 1265 τὸραννον,

279 1302 476 1385 Quantocyns
505 1325 559 1385 pro
585 1298 762 1386 ώρμημένος
787 1305 1000 1387 corrigendum
1025 1318 1055 1366 et
1082 1327 1226 1390 reponen-

237 1418 311 1476 dum
348 1410 521 1499 ὁρμώμενος
555 1423 575 1481 i.
604 1443 629 1481 e.
663 1413 843 1504 ὁρμητήριον
872 1416 953 1500 ἔχων
982 1434 1017 1482 ut
1049 1423 1226 1484 scholiastes

240 1537 455 1617 interpretatur
484 1538 522 1598 ad
549 1537 685 1623 Thucyd.
711 1539 776 1600 Lib.
798 1539 861 1612 111,
890 1541 960 1622 Gap.
989 1540 1040 1602 31.
1086 1528 1169 1613 ὅπως
1193 1537 1227 1602 ίκ

238 1648 353 1728 πόλεως
373 1647 543 1738 ὁρμώμενοι
563 1651 619 1740 τήν
637 1653 749 1721 Ἰωνίαν
768 1652 988 1742 α’ποστήσωσιν.
1022 1660 1112 1720 Porro
1128 1659 1226 1720 confe-

238 1783 321 1833 ratur
352 1771 488 1858 Thucyd.
522 1776 552 1848 Ι,
593 1775 660 1837 144.
707 1773 737 1838 οἱ
763 1779 836 1858 γοῦν
870 1771 993 1860 πατέρες
1028 1771 1124 1858 ήμῶν,
1150 1771 1226 1838 ὑπο·

236 1882 359 1964 ὀταντες
378 1885 526 1974 Μήδους,
542 1891 592 1954 καὶ
605 1889 660 1955 οὸκ
674 1888 738 1956 tino*
750 1890 878 1958 τοσῶνδ’
890 1887 1067 1978 ὁρμώμενοι.
1088 1895 1224 1976 Xenoph.

239 2007 336 2068 Anah.
357 2011 388 2080 Ι,
414 2011 447 2085 1,
468 2011 497 2070 9.
549 2005 689 2088 ἐπολέμει
706 2009 739 2072 ἐκ
759 2005 951 2092 Χερρονήσου
969 2003 1141 2092 ὁρμώμενος
1159 2011 1225 2070 Hel-

238 2127 328 2188 lenic.
359 2128 392 2202 1,
420 2125 455 2196 4,
482 2126 533 2186 23.
574 2119 715 2186 κοῖκεῖθεν
743 2122 917 2209 ὁρμώμενος
938 2119 1086 2204 ἐπολέμει
1126 2127 1225 2208 Atque

240 2245 334 2326 ipsius
367 2243 537 2318 Plutarchi,
564 2243 630 2326 huj.
661 2246 720 2304 vu.
748 2245 818 2326 Cap.
849 2247 887 2316 L,
914 2243 967 2304 fin.
1014 2237 1091 2306 Ἀτιὸ
1112 2245 1225 2306 τούτων

239 2356 411 2443 ὁρμώμενος
433 2353 473 2422 οδ
496 2362 639 2434 τοσοῦτος
658 2358 777 2445 η’λικιύιν
797 2363 859 2426 τών
876 2357 933 2440 μὲν
949 2354 1086 2444 ἡγεμών,
1108 2360 1171 2422 τών
1185 2354 1225 2420 δὲ

238 2480 413 2564 κυριοςνῆδη
432 2477 632 2564 καθέστηκας.

280 2716 329 2778 16.
371 2710 406 2778 τδ
431 2710 460 2778 δ’
486 2711 602 2789 ἔξωθεν
625 2707 705 2795 ὁψος
730 2719 799 2800 (τοῦ
820 2715 948 2799 τείχους)
973 2711 1050 2778 tuo*-
1071 2719 1223 2794 κλιμάκιον

238 2829 276 2895 οδ
295 2835 375 2896 πάνυ
396 2827 562 2916 ἀνέφικτον.

279 2953 391 3036 Nempe
410 2952 490 3013 vult:
513 2953 552 3012 ab
572 2951 747 3013 hominibus
768 2953 847 3016 muri
869 2951 1064 3012 altitudinem
1085 2952 1221 3034 contingi

239 3089 320 3151 posse
349 3069 445 3130 scalis.
484 3070 596 3152 Itaque
633 3069 728 3130 scalae
762 3079 834 3130 suut
869 3070 1077 3130 instrumenta.
1124 3068 1222 3128 Corri-

238 3186 369 3266 gendum
391 3187 485 3267 igitur
506 3179 568 3246 οἷπὸ
586 3187 747 3264 κλιμάκων.

279 3420 328 3480 22.
367 3415 418 3491 Ὡς
442 3413 471 3479 δ’
489 3415 668 3502 ἐπανῆλθον
692 3417 722 3480 οἱ
748 3417 815 3503 περὶ
840 3415 892 3481 τὸν
912 3412 1061 3489 Ξενοκλέα
1087 3420 1144 3483 τοῦ
1166 3416 1223 3499 μέν

236 3532 353 3616 τείχους
377 3535 533 3618 εἰληφότες
557 3530 654 3620 μέτρα
679 3535 806 3600 καὶτοῦ
823 3529 919 3601 τὸτιου
937 3533 994 3622 τήν
1014 3543 1105 3620 φύσιν
1124 3534 1223 3620 duay-

236 3649 387 3736 γίλλοντες
407 3648 460 3716 ουίι
481 3659 626 3737 ἄπορον
647 3649 719 3718 οὸδὲ
740 3647 895 3737 χαλεπήν,

278 3775 335 3835 Pro
355 3765 470 3856 δίπορον
493 3775 584 3854 vulgo
604 3773 716 3856 legitur
736 3774 859 3853 ἄβατον,
873 3797 966 3857 quam
981 3775 1142 3836 lectionem
1157 3796 1222 3836 nou

239 3890 366 3951 debehat
386 3913 524 3974 spernere
544 3892 690 3968 Sinteuis‚
714 3893 834 3974 quippe
854 3889 1000 3951 hocloco
1020 3892 1220 3974 aptissimam

238 4008 390 4091 significat
410 4013 493 4072 enim
515 4020 684 4070 inaccessum
706 4009 900 4092 ἀπρὸςβυτον,
914 4010 996 4092 quod
1012 4021 1087 4071 recte
1101 4031 1223 4092 respon-

238 4127 288 4186 det
318 4129 465 4210 superiori*
492 4121 665 4208 ἀνέφικτον,
702 4150 794 4210 quam
828 4127 885 4187 loci
919 4138 1058 4188 naturam
1088 4129 1221 4209 primum
