3022 5080
641 498 820 558 ...Η-

277 682 412 745 Primum
440 681 651 763 corrigendum
675 681 792 742 videtur
811 673 890 757 μετοί
909 672 944 740 eo*
966 684 1095 762 ἄριστον.
1138 680 1221 742 Arti-

235 803 321 862 culue
348 801 547 876 desideratum
575 821 647 860 nam
675 799 845 860 conseratur
872 800 952 860 infra
981 799 1050 882 Cap.
1072 800 1132 858 XV.
1151 801 1219 860 init.

234 912 319 1002 παραὶ
341 913 377 981 κδ
402 917 523 980 δεῖπνον
546 929 576 978 et
599 919 659 978 Vit.
683 917 797 978 Antan.
821 916 891 999 Pag.
913 915 990 986 954,
1010 916 1042 975 E.
1089 909 1168 993 μετοέ
1186 911 1222 977 τό

234 1039 363 1117 ἄριστον.
384 1069 424 1083 -
451 1036 564 1096 Deinde
583 1055 638 1116 pro
659 1033 837 1116 Imperfecto
857 1032 985 1115 προῆγεν
1003 1033 1220 1094 restituendum

237 1153 365 1215 arbitror
383 1155 536 1214 Aoristum
557 1145 733 1233 προήγαγεν.
778 1151 918 1233 Sequitur
939 1151 1020 1212 enim
1041 1138 1118 1212 ὅπου
1127 1197 1216 1212 .....

236 1265 378 1353 ἐξέφηνε,
409 1273 457 1330 ubi
482 1271 604 1354 (nempe
627 1285 779 1346 postquam
809 1268 894 1352 lenit)
922 1286 1050 1346 coeptum
1071 1276 1221 1348 evulgavit.

238 1389 449 1472 Imperfectum
463 1390 586 1472 quidem
601 1387 676 1448 mihi
691 1386 876 1470 probaretur,
886 1391 910 1450 si
925 1389 1133 1472 hujuscemodi
1147 1389 1222 1472 quid

239 1520 410 1590 sequeretur
429 1501 507 1568 Ἐπεὶ
527 1501 556 1566 δ’
575 1500 697 1588 α’φίκετο
718 1542 759 1552 —-
777 1499 912 1588 ἐξέφηνε.

282 1740 329 1804 18.
373 1735 422 1803 Ου’
439 1738 503 1824 μήν
523 1735 604 1804 ἄλλα
623 1733 805 1824 προςέμιξοὲν
823 1764 861 1803 τε
881 1743 925 1828 τῷ
944 1739 1032 1823 τείχει
1048 1739 1099 1805 καὶ
1114 1736 1225 1826 προςή-

239 1877 339 1940 ρασαν
357 1852 412 1931 τοῖς
432 1853 579 1937 κλίμακας
598 1854 757 1942 α’σφαλαῖς.

279 1981 407 2052 Nempe:
440 1997 562 2034 murum
588 1975 746 2034 subierunt
766 1987 795 2034 et
816 1975 942 2056 (deinde)
962 1975 1057 2034 scalas
1080 1976 1226 2058 adposue-

242 2103 324 2151 runt.
363 2090 520 2150 Factorum
548 2113 651 2152 unum⁴
673 2091 800 2151 alterum
825 2093 1002 2174 insequitur.
1042 2091 1225 2153 Particulam

240 2233 272 2274 τε
293 2213 387 2293 igitur
405 2211 584 2294 ejiciendam
606 2231 718 2270 censeo.
740 2245 780 2254 -
802 2211 874 2270 Vere
890 2232 945 2292 pro
960 2210 1049 2293 Vulg.
1066 2206 1227 2290 συνέμιξαν

241 2330 412 2390 restitutum
429 2339 472 2388 est
484 2321 672 2410 προςέμιξαν.
710 2317 786 2388 Nam
803 2323 990 2410 σομμίγννμι
1010 2341 1128 2390 tantum
1144 2351 1227 2390 usur·

241 2457 332 2528 patur
360 2446 397 2505 de
425 2445 620 2517 hominibus,
652 2448 705 2528 qui
738 2448 939 2518 conveniunt,
971 2449 1225 2530 congrediuntur3

241 2557 438 2644 προςμΙγνομι
457 2565 548 2624 etiam
564 2563 601 2622 de
621 2564 917 2645 appropinquatione
937 2565 973 2624 ad
990 2565 1109 2636 locum,
1130 2566 1228 2625 conse-

241 2692 326 2740 ratur
345 2681 475 2742 Marcell.
494 2681 563 2761 Pag.
581 2679 659 2750 306,
678 2681 710 2740 E.
740 2681 901 2762 προςμῖξαι
914 2683 977 2754 τοῖς
992 2679 1118 2761 τείχεσιν
1136 2686 1229 2742 subire

244 2808 361 2856 moenia.
398 2796 490 2858 Thuo.
501 2797 559 2858 111.
568 2797 618 2859 22.
649 2790 884 2885 προςέμιξαντρῖ
900 2793 988 2876 τείχει
996 2798 1059 2860 τῶν
1070 2795 1230 2876 πολεμίων.

285 3034 335 3094 25.
375 3029 426 3106 Ὡς
440 3027 476 3094 δὲ
493 3027 627 3116 κοῖκείνην
644 3029 712 3116 (τήν
730 3027 883 3116 φυλακήν)
902 3032 1045 3116 διέφυγον
1060 3035 1229 3115 παρελθοῦ-

245 3170 315 3227 σαν,
336 3145 431 3222 alate
449 3145 604 3229 ἀνέβαινον
623 3147 658 3212 οἱ
683 3151 796 3232 πρῶτον
811 3147 994 3224 Μνασίθεος
1012 3150 1062 3213 καὶ
1074 3151 1230 3232 Ἔκδηλος·

287 3268 433 3348 Ejiciatur
451 3267 594 3327 articulus
612 3262 641 3326 οἱ
647 3289 658 3340 ,·
685 3269 757 3348 quia
778 3267 958 3348 adjectivum
978 3267 1092 3349 πρῶτοι
1113 3269 1151 3328 ad
1170 3290 1231 3330 ver·

246 3382 319 3443 bum
341 3381 527 3442 referendum
545 3395 600 3460 est3
623 3387 711 3444 ceteri
736 3385 818 3444 enim
842 3384 1053 3468 sequebantur.
1096 3385 1231 3447 Confera-

247 3513 296 3563 tur
316 3501 426 3562 Adnot.
449 3501 487 3561 ad
510 3501 579 3584 Gap:
602 3502 659 3562 111.
684 3502 711 3563 1.

623 3793 730 3854 CAP.
772 3794 855 3856 v111.

293 3987 318 4046 1.
348 3979 413 4072 Ἦν
440 3983 468 4048 δ”
487 3983 525 4050 ου’
548 3983 628 4050 πολι)
648 3979 802 4071 διάστημα
824 3983 886 4064 a’rtrl
907 3992 963 4052 τοῦ
983 3982 1079 4073 κήπου
1106 3987 1179 4073 προς
1199 3987 1234 4054 m*

249 4109 347 4185 τεῖχος
366 4105 419 4168 καῖ
433 4103 485 4170 τόν
503 4101 631 4189 πύργον,
652 4108 685 4170 ἐν
703 4133 727 4193 p
744 4101 824 4171 κύων
840 4105 933 4191 μέγας
949 4104 1086 4193 ἐφρούρει
1111 4113 1232 4190 θηρα·
