3022 5080
735 517 888 576 „2-

319 696 435 780 βέλτιον
455 696 624 762 διατιθέναι
650 700 681 760 h.
702 725 727 761 e.
756 704 790 761 in
811 702 965 763 meliorem
986 715 1112 774 statum,
1140 706 1174 764 in
1195 705 1303 763 melius

319 818 462 899 redigere.
517 819 669 880 Praeterea
714 819 887 880 conferatur
933 822 1094 904 insequens
1133 825 1303 918 oppositum

319 931 518 1020 α’ντειιτέδηοι.

359 1173 388 1234 8.
430 1169 484 1234 καί
500 1187 575 1252 φησι
592 1163 663 1242 νοὺς
681 1164 741 1249 ἀφ’
763 1169 894 1232 αὑτῶν
912 1165 1033 1243 οὑδενδς
1052 1167 1155 1244 α’ξίους
1171 1163 1279 1248 ὄντας,

359 1291 417 1348 Pro
443 1283 498 1368 ὑφ’
517 1283 634 1360 αὑτῶν,
662 1287 744 1369 quod
767 1309 784 1346 ει
805 1285 937 1346 librariis
958 1299 1133 1370 corruptum
1156 1301 1198 1348 cst
1218 1292 1302 1350 resti·

318 1407 466 1468 tuendum
485 1399 536 1486 ἕφ’
554 1398 673 1465 ἑαυτῶν
692 1405 772 1466 idem
794 1404 854 1463 sere
875 1405 978 1496 valens
997 1406 1081 1487 quod
1094 1407 1167 1466 καθ’
1178 1397 1305 1477 ἓαυτοὺς

317 1539 392 1605 Ipsos
406 1549 464 1604 per
482 1548 523 1584 se.
563 1523 740 1583 conseratur
761 1523 833 1580 IIor.
853 1523 924 1604 Pag.
948 1522 1026 1595 126,
1044 1524 1077 1583 B.

357 1760 387 1819 8.
428 1749 655 1832 ὑποδυομένους
674 1750 710 1815 δὲ
730 1750 884 1836 προγόνων
900 1760 990 1816 τινῶν
1009 1750 1161 1837 οἷρεταῖς

356 1876 446 1936 Recte
473 1874 616 1934 solanus:
647 1894 729 1948 ‚non
758 1874 801 1932 ita
829 1874 963 1932 construi
989 1873 1065 1934 solet
1090 1872 1149 1934 hoc
1176 1876 1301 1936 verbum

314 1993 373 2053 hac
393 1990 624 2074 significatione.
651 1992 723 2052 Luc.
746 1991 861 2072 Peregr.
883 2015 908 2051 c.
932 1991 979 2052 18.
1021 1994 1203 2076 φιλοσοφίαν
1223 1990 1302 2056 ὑπο-

315 2100 462 2185 δυόμενόν
474 2129 550 2168 τινα.
591 2107 630 2166 In
650 2106 751 2187 Δραπ.
762 2107 791 2167 3.
812 2111 947 2184 τοῦνομαΙ
961 2103 1075 2185 τοὺμόν
1089 2104 1299 2186 ὑποδυόμενοι.

314 2225 417 2285 Scribe
438 2226 540 2306 itaque
560 2223 662 2283 ethic
682 2217 815 2303 dperdgf
849 2225 947 2304 Atque
960 2225 1021 2282 duo
1035 2226 1156 2284 Codices
1170 2226 1297 2283 Parisini

314 2364 379 2402 eam
407 2341 569 2402 lectionem
597 2340 722 2400 hahent.
766 2343 862 2415 Quare
891 2342 983 2398 miror
1004 2341 1157 2400 Sintenem
1179 2341 1299 2398 nonin

314 2471 430 2520 textum
450 2460 598 2541 recepisse.
641 2457 773 2518 Afferam
791 2459 883 2517 etiam
903 2457 1142 2516 luculentissima
1162 2457 1299 2540 exempla

313 2597 352 2635 ex
372 2575 438 2658 huj.
459 2577 519 2636 vit.
541 2575 611 2657 Cap.
633 2575 674 2634 IX
696 2575 773 2635 med.
794 2568 952 2636 ὑπέδυσαν
971 2568 1115 2646 ἑκουσίως
1136 2576 1232 2652 ὄνομα
1249 2571 1300 2634 καὶ

285 2707 291 2714 “
313 2691 462 2756 πολιτείαν
481 2689 537 2774 τήν
551 2687 692 2772 Ἀχαιῶν.
731 2694 820 2756 Dion.
842 2695 913 2775 Pag.
932 2693 1008 2766 972,
1030 2695 1063 2754 l).
1082 2686 1228 2756 ὑπεδὺετο
1245 2687 1301 2774 τήν

312 2812 374 2873 τῶν
397 2811 521 2874 πολλῶν
543 2802 642 2893 χάριν.
689 2811 781 2873 Crass.
812 2813 881 2891 Pag.
910 2811 984 2883 546,
1010 2813 1042 2872 E.
1076 2803 1221 2874 ὑπιδὺεεο
1245 2805 1301 2892 τήν

312 2925 470 2990 πολιτείαν.

354 3161 402 3223 10.
442 3154 529 3222 Ἀλλ’
553 3146 580 3248 ᾦ
598 3179 636 3240 γε
663 3153 781 3241 φύσει
806 3153 842 3222 εὑ
859 3163 994 3242 γενναῖον
1013 3155 1166 3244 ἐπιπρέπει
1184 3161 1218 3224 ἐκ
1238 3185 1300 3224 πα-

312 3273 423 3362 τέρων,
446 3273 524 3341 nato?
544 3274 717 3362 Πίνδαρον,

353 3398 526 3480 Legendum
551 3397 626 3456 mihi
646 3399 763 3457 videtur
784 3396 860 3482 φυρῖ
877 3418 933 3477 pro
946 3387 1044 3474 φύσει.
1071 3395 1202 3477 Flagitat
1215 3399 1297 3456 enim

314 3525 410 3574 celera
431 3515 526 3573 oratio
548 3513 717 3572 Pindariea.
759 3513 838 3570 Citat
857 3511 961 3571 locum
979 3512 1121 3584 Pindari,
1135 3515 1189 3596 qui
1206 3535 1299 3596 purus

313 3629 473 3689 servandus
494 3639 553 3700 est,
575 3626 670 3711 Pyth.
692 3629 783 3704 VIII,
805 3627 853 3687 44,

559 3731 614 3806 ὧδ’
632 3736 694 3806 εἶπε
713 3743 925 3825 μαρναμένων·

551 3861 626 3946 φυρῖ
644 3855 681 3923 νδ
698 3865 832 3943 γενναῖον
853 3857 1007 3946 ἐπιπρέπει

558 3975 592 4038 ἐκ
612 3973 750 4060 πατέρων
769 3977 872 4042 παισὶν
892 3981 985 4060 λῆμα.

314 4096 391 4156 Tum
411 4081 438 4183 ᾧ
453 4115 484 4176 γε
498 4106 629 4156 mutetur
650 4098 713 4156 sine
726 4095 821 4158 dubio
833 4100 867 4159 in
884 4087 928 4171 οἷς
942 4117 989 4178 γε,
1003 4099 1076 4181 quia
1089 4109 1118 4158 et
1135 4120 1296 4181 opponun-
