3022 5080
727 527 835 616 ..34
861 591 900 600 ..

321 743 419 806 ταῦτα
440 741 641 806 δαπανᾶσθαι
661 733 763 822 κρύφα
783 738 833 801 καὶ
852 732 1065 822 προιιςφέραν,
1078 735 1112 798 ἐν
1130 726 1175 808 οἷς
1195 729 1306 796 ἐκινδύ-

322 881 386 922 νιοε
413 851 504 939 μόνος
531 855 608 940 ὑπὲρ
637 850 760 920 πάντων
791 852 857 918 ott‘
883 848 1008 918 εἰδότων
1035 849 1076 916 τά
1102 845 1306 934 πραττόμενα,

322 975 469 1065 ᾑρεῖτο.

364 1098 436 1158 Voc.
462 1089 599 1180 πρὸξιων
618 1107 661 1158 ost
683 1095 925 1156 additamentum
946 1114 964 1153 u
985 1091 1153 1173 magistello
1174 1090 1306 1173 explicu-

325 1214 418 1274 tionis
438 1235 527 1274 causa
548 1213 586 1272 ad
606 1213 669 1275 τῶν
689 1212 792 1275 καλῶν
812 1214 967 1272 insertum.
995 1209 1187 1293 Ejiciendum
1204 1209 1305 1290 igitur,

326 1329 506 1390 Plutarchus
533 1329 616 1391 enim
642 1331 762 1412 scripsit
788 1328 850 1392 τῶν
876 1328 976 1390 καλῶν
983 1349 993 1401 ;
1021 1327 1192 1387 conseratur
1220 1348 1306 1409 supra

326 1449 397 1532 Gap.
427 1449 452 1508 I.
482 1449 562 1510 med.
601 1443 650 1510 Oo’
675 1442 733 1529 reio
760 1443 847 1510 ἰδίων
874 1442 984 1532 α’πορίρι
1010 1445 1112 1508 uoluit
1137 1444 1306 1527 ἐξαρτῶσιν.

327 1567 397 1650 Gap.
420 1569 456 1628 X.
478 1568 548 1627 init.
575 1561 617 1639 αῖς
641 1560 761 1638 cicinnos
787 1567 881 1627 ἄλλον
907 1563 970 1626 ταῖν
995 1565 1096 1626 καλῶν
1113 1556 1248 1647 ἐραστής.
1269 1599 1306 1606 .„

326 1684 439 1746 Deinde
452 1684 664 1766 corrigendum
675 1674 930 1761 Ἐπαμεινώνδαν.
939 1717 979 1729 -
987 1683 1063 1742 Tum
1075 1681 1199 1742 verbum
1209 1675 1309 1767 ᾑρεῖτο

327 1801 512 1882 ejiciendum
525 1801 602 1862 mihi
617 1802 749 1877 ridetur3
765 1801 899 1883 primum
912 1799 986 1882 quia
999 1801 1137 1884 ineptum
1150 1811 1208 1874 est3
1223 1819 1310 1858 num·

326 1941 401 1980 nam
418 1915 541 2006 ᾑρεῖτο;
560 1913 629 1981 cirri
647 1915 742 1994 τίνος,·
762 1919 872 1980 deinde
892 1940 969 1978 num
990 1927 1068 1978 recte
1084 1916 1142 1978 hoc
1158 1917 1226 1977 loco
1240 1904 1312 1988 ὥςτε

328 2057 397 2098 cunt
416 2038 586 2100 indicativo
601 2037 805 2098 construitur?
823 2036 898 2097 vide
911 2035 1051 2118 Xrueger.
1065 2034 1202 2118 Xenoph.
1215 2029 1311 2094 Anab.

328 2157 399 2238 Pag.
417 2156 491 2228 540,
520 2155 573 2217 ubi
593 2144 680 2231 ὥςτε,
705 2158 822 2238 inquit,
844 2177 914 2216 cum
935 2153 1093 2215 Infinitivo
1114 2155 1311 2224 construitur,

329 2272 382 2333 ubi
409 2295 593 2356 praegressae
620 2273 840 2334 enuntiationis
874 2272 1031 2354 singulum
1058 2270 1239 2332 vocabulum
1266 2272 1313 2331 vel

329 2412 408 2473 quae
429 2411 467 2450 ex
488 2390 545 2450 illa
562 2389 711 2451 elicienda
725 2401 769 2450 est
781 2411 840 2450 vox
855 2377 952 2461 οὕτως
964 2400 1116 2472 spectatur
1132 2411 1198 2448 non
1215 2389 1314 2448 solum

329 2508 361 2590 α)
382 2507 435 2567 ubi
457 2509 653 2590 consequutio
674 2519 794 2568 tontum
815 2509 850 2568 in
870 2508 1052 2590 cogitatione
1067 2509 1165 2590 posita
1183 2519 1239 2578 est,
1264 2507 1313 2566 sed

330 2628 421 2687 etiarn
446 2626 476 2708 b)
496 2627 534 2689 de
559 2648 591 2687 rc
616 2628 650 2688 in
675 2626 753 2688 sacto
778 2627 901 2710 posita.‘
940 2625 1027 2702 Quod
1050 2625 1154 2686 multis
1172 2625 1315 2708 exemplis

331 2743 492 2806 coufirmat
520 2767 599 2828 quac
630 2745 841 2816 conserantur,
874 2756 965 2828 atquc
999 2743 1060 2804 ulia
1091 2745 1126 2804 in
1155 2744 1222 2826 huj.
1255 2745 1315 2805 vit.

332 2865 403 2947 Cap.
430 2865 486 2923 III.
515 2865 583 2923 init.
625 2863 694 2946 Cap.
723 2863 790 2922 vll.
818 2864 886 2924 init.
933 2862 1002 2944 Cap.
1025 2863 1075 2922 IX.
1096 2863 1167 2923 init.
1190 2874 1219 2923 et
1239 2861 1317 2923 med.

333 2982 405 3063 Cap.
422 2979 524 3041 XXIX.
541 2982 609 3040 init.
651 2979 710 3040 vit.
727 2981 840 3041 Anton.
857 2979 927 3062 Cup.
938 2979 1069 3040 VLinit.
1091 2979 1162 3062 Cap.
1174 2980 1251 3041 XIV.
1262 2979 1316 3038 fin.

333 3097 465 3158 Verbum
485 3096 566 3158 istud
585 3108 686 3158 ortum
708 3096 826 3158 videtur
847 3117 907 3156 esse
928 3115 966 3158 ex
986 3118 1077 3180 prava
1098 3096 1228 3168 lectione
1248 3097 1318 3156 vul-

332 3227 419 3298 gata:
446 3210 485 3276 Ὁ
503 3209 538 3276 δὲ
558 3203 651 3299 (οὕτω
670 3211 729 3297 γοίρ
749 3210 860 3296 ἐπῆρτο
868 3257 1020 3276 ........
1047 3207 1083 3277 τιν’
1103 3209 1207 3297 καλόν)
1230 3209 1320 3287 αὐτὸς

333 3331 374 3407 τίς
391 3333 489 3397 ταῦτα
508 3327 569 3396 uri.
610 3335 658 3395 Sic
676 3335 758 3394 enim
778 3329 815 3394 Ὁ
835 3327 871 3394 δὲ
892 3333 1097 3415 praedicatum
1117 3332 1244 3414 flagitat.

377 3564 424 3625 15.
469 3561 525 3638 Τίς
543 3561 609 3646 γοίρ
629 3562 684 3628 otiu
706 3559 745 3626 ἂν
765 3561 933 3645 θαυμάσειε
953 3565 1004 3628 καὶ
1023 3564 1258 3648 συναγωνίσαιτο
1277 3563 1321 3629 ἔτι

334 3683 390 3744 νῦν
415 3684 457 3769 τῇ
479 3679 695 3771 μεγαλοψυχίᾳ
720 3685 777 3746 τοῦ
802 3678 929 3766 ἄνδρας,
955 3679 1128 3763 ω’νοσμίνοα
1153 3679 1322 3768 χρημάτων

334 3793 487 3864 τοσούτων
506 3799 642 3864 αίνδυνον
660 3801 835 3884 τηλικοῦτον
853 3799 904 3864 καὶ
927 3798 966 3866 rei
985 3796 1154 3882 τιμιώτατα
1174 3801 1322 3865 δοκοῦντα

335 3918 398 3979 τοῖν
418 3911 579 4000 κτημάτων
597 3915 810 3994 ὑποτιθέντος,
829 3909 913 3994 ὅπως
931 3919 1148 4004 παρεισαχθεὶς
1162 3917 1267 3994 torric
1282 3919 1324 3994 εἷς

335 4029 407 4108 ταας
424 4036 584 4116 πολεμίους
600 4033 876 4119 διαγωνίσηται
897 4035 963 4121 περὶ
982 4038 1037 4120 τῆς
1054 4037 1163 4120 ψυχῆς
1180 4032 1324 4117 ἐνέχυρον

339 4147 442 4241 λαβών
456 4149 512 4239 τήν
525 4149 635 4218 ἐλπίδα
646 4156 702 4218 τοῦ
714 4156 809 4218 καλοῦ
827 4153 911 4240 παρ’
930 4152 1065 4232 αὐτῶν,
1085 4148 1160 4219 ἄλλο
1174 4152 1203 4217 δ’
1216 4148 1307 4218 οὐδὲν
1313 4177 1323 4230 3
