3022 5080
628 539 803 601 ..rr-

218 720 374 791 rivantur,
404 719 606 780 terminantur
634 721 668 780 In
697 741 760 796 utu,
788 732 823 782 ut
846 713 946 799 τόλμα
965 712 1108 799 τολμαλο,
1128 715 1208 805 χολή
1239 781 1240 786 ,

217 837 335 914 χολιλεο,
350 847 414 908 cet,
436 848 465 896 ct
485 837 655 898 conseratur
672 839 862 899 Dionlialic.
877 841 912 916 V,
926 839 975 900 49.
994 834 1111 921 ἡμέρας
1122 837 1206 902 διαυ-

217 945 327 1034 γώσης.
344 989 385 1000 -
412 953 564 1015 VocabuIa
592 947 708 1038 ἡμέρας
730 955 792 1039 ἤδη
818 947 1004 1038 διανγοέσης,
1028 945 1047 1017 d
1069 977 1101 1018 τε
1124 958 1207 1038 ἥλιος

216 1063 314 1144 scidiis
332 1065 487 1156 έπέλαμπε
506 1073 551 1158 τῷ
568 1066 644 1160 ἔργῳ
659 1094 788 1156 magnac
801 1074 961 1135 offensioni
975 1074 1099 1136 suerunt
1112 1074 1206 1158 idque

216 1190 334 1249 morito.
376 1188 548 1250 Schaeserus
570 1190 659 1250 malit
665 1236 755 1250 .....
791 1179 1015 1273 ,διαυγούσης
1055 1188 1121 1253 Καὶ
1137 1191 1156 1253 ὅ
1174 1212 1207 1256 τε

214 1296 300 1388 ἣλιος
307 1351 417 1367 ......
465 1309 596 1368 Sintenis
612 1329 668 1391 pro
684 1310 810 1392 imperio
818 1355 930 1370 ......
951 1301 1043 1404 εἶχον.
1067 1303 1206 1393 Ἡμέρας

216 1420 246 1485 δ’
268 1423 330 1507 ἠδη
338 1469 447 1485 ......
496 1423 582 1486 Nihil
610 1424 792 1508 proficiunt3
822 1428 918 1510 ipsam
937 1429 1019 1488 enim
1038 1427 1206 1488 difficulta-

216 1553 278 1602 tem
297 1563 362 1602 non
385 1553 534 1623 tangunt,
561 1563 625 1602 non
650 1542 776 1604 tollunt.
820 1543 892 1617 Quis
915 1563 983 1602 vcro
1007 1553 1051 1604 est
1067 1546 1145 1626 quin
1162 1544 1205 1603 vi·

215 1659 301 1731 dcat,
321 1660 381 1719 nisi
402 1659 477 1719 sorte
497 1658 548 1720 hic
565 1659 635 1719 soIis
655 1669 754 1720 ortum
773 1657 902 1720 describi
917 1660 999 1733 vult,
1017 1653 1132 1741 ἡμέρας
1143 1657 1204 1740 ἤδη
1217 1679 1227 1696 ¹·

214 1766 386 1857 διαογολσης
405 1788 435 1836 et
454 1764 473 1836 ὅ
491 1795 522 1837 τε
542 1763 625 1857 ἥλιος
633 1821 743 1836 ......
777 1771 932 1856 ἐπέλαμπε
956 1777 1001 1865 τῷ
1025 1771 1101 1862 ἔργῳ
1121 1776 1204 1838 idem

213 1895 274 1955 sere
295 1893 390 1954 valere
396 1917 405 1970 ;
428 1894 531 1976 itaque
553 1915 650 1954 unum
664 1905 717 1956 aut
730 1894 859 1955 alterurn
873 1916 1127 1978 supervacaneum
1142 1917 1203 1956 esse

215 2009 354 2071 arbitror.
398 2009 509 2086 Quodsi
536 1995 605 2070 vero¹
629 2011 832 2070 concinnitati
861 2010 1021 2070 consulens
1047 2011 1127 2070 illud
1155 2013 1204 2072 in·

215 2140 331 2190 tactum
351 2129 508 2212 relinquas
529 2129 651 2211 (etenim
674 2128 845 2188 conseratur
858 2149 950 2210 supra
963 2129 1034 2210 Cap.
1048 2129 1131 2189 VIII.
1146 2127 1204 2190 fin.

213 2242 265 2306 καὶ
284 2239 517 2328 συνδραμόντων
537 2237 734 2324 πανταχόθεν
752 2239 853 2327 ἡμέρα
868 2240 926 2324 μέν
939 2239 1116 2324 ὑπέλαμπεν
1128 2244 1201 2330 ἤδη)

212 2363 272 2424 hoc
291 2375 392 2424 autem
410 2352 430 2424 ὅ
447 2383 478 2424 τε
495 2352 579 2444 ἥλιος
594 2357 689 2436 εὐθιλς
707 2357 862 2442 ἐπέλαμπε
880 2363 925 2450 τῷ
943 2358 1035 2451 ἔργῳ,
1053 2365 1135 2448 quod
1149 2366 1201 2426 sri-

213 2481 319 2564 gidum
347 2493 403 2553 est,
435 2482 547 2564 quippe
577 2480 697 2542 librarii
726 2503 822 2542 manu
849 2483 1011 2555 inscrtum,
1045 2484 1146 2566 ejicias
1171 2495 1201 2544 et

214 2611 363 2682 punctum
377 2621 473 2682 ponas
487 2611 553 2682 post
567 2591 751 2680 διαυγώσηςε
774 2600 851 2682 quid
865 2600 1029 2660 dilucidius
1043 2601 1199 2683 requiras?

213 2717 307 2777 Locus
323 2683 419 2798 igitur
434 2718 476 2777 ita
491 2718 707 2777 constituatur:
729 2713 779 2776 καὶ
792 2709 826 2777 ro*
840 2707 982 2796 φρούριον
994 2706 1071 2775 εἷλον
1086 2710 1201 2799 ἡμέρας

211 2833 271 2916 ἦέη
285 2826 464 2916 διαυγούσης.
481 2830 546 2894 Καὶ
558 2826 659 2914 παρῆν
668 2828 888 2914 έκΣικοῶνοςή
900 2828 990 2912 λοιπή
998 2825 1127 2909 δύναμις
1137 2828 1197 2894 κτὲ.

575 3119 635 3180 ct
651 3121 682 3182 P.
726 3121 836 3180 XXIII.

257 3309 282 3368 I.
323 3303 405 3370 Ἐπεὶ
424 3305 452 3369 d'
472 3304 619 3391 ἀσφαλῶς
638 3301 733 3369 ἐδόκει
753 3300 841 3369 πάντ’
857 3302 951 3385 ἔχειν,
969 3301 1141 3386 κατέβαινεν
1158 3308 1199 3381 εἷς

212 3419 248 3487 τέ
266 3419 398 3507 θέατρον
420 3421 494 3488 α’πό
521 3428 590 3507 τῆς
617 3429 752 3507 ακρας,

251 3535 313 3604 aiod
325 3543 379 3625 τῆς
392 3547 500 3623 ἄκρας]
532 3544 573 3602 IIe
587 3564 722 3626 quonam
733 3543 794 3603 alio
805 3543 873 3603 Ioco
884 3542 1100 3606 descendisset?
1120 3546 1197 3606 Ilaec

211 3675 282 3723 sunt
302 3664 464 3743 magistelli
480 3665 515 3725 ro'
535 3657 724 3743 κατέβαινεν
741 3663 936 3746 explicantis,
952 3684 1029 3745 quae
1042 3673 1102 3722 tam
1117 3663 1198 3723 clarc

211 3782 275 3862 ipsa
292 3791 439 3862 apparent
454 3792 489 3840 ut
509 3781 611 3840 addita
632 3781 771 3860 frigeant.
806 3780 976 3859 Ejiciantur
995 3778 1089 3858 igitur
1109 3779 1173 3838 ista.

251 4013 280 4075 9.
325 4013 399 4077 Τῶν
425 4010 454 4076 d’
480 4006 655 4098 α’νθροέπων
679 4005 746 4094 ἅμα
770 4013 816 4099 τῷ
843 4014 1075 4095 προσελθεῖν
1104 4009 1196 4077 arirdr

209 4127 405 4211 ἐκχυθέντων
427 4136 494 4206 ταῖς
511 4128 746 4217 φιλοφροσύναις
763 4128 943 4213 μεταλαβών
959 4131 1001 4205 εἷς
1021 4127 1077 4213 τήν
1097 4126 1196 4204 δεξιάν
