3022 5080
728 532 903 593 ..14-

365 721 499 780 Primum
517 716 613 797 μῆκος
633 705 784 792 ἐλάμβανε
805 714 907 772 minus
928 720 1005 770 recte
1024 711 1173 790 Interpres
1189 710 1230 768 ita
1248 730 1309 768 ver-

219 887 221 890 .
324 840 374 898 tit:
404 858 482 895 more
510 856 556 893 eos
584 839 730 910 occupavit
738 853 749 902 ,·
778 851 850 890 nam
878 828 975 911 μῆκος
993 825 1144 908 objectum
1165 837 1208 885 est
1225 825 1309 918 verbi

324 947 502 1034 λαμβάνειν,
529 951 698 1035 subjeetum
724 946 742 1011 ti
773 944 923 1020 κίνδυνος,
958 957 988 1007 et
1021 943 1174 1026 signifieat
1195 944 1311 1027 phrasis

323 1074 420 1156 μῆκος
434 1066 597 1149 λαμβάνειν
610 1069 688 1129 idern
703 1066 785 1150 quod
799 1057 913 1145 μακράς
924 1058 1090 1145 γίγνεσθαι,
1105 1053 1313 1142 μηκάνεσθαις
1362 1099 1365 1103 -

325 1193 495 1254 conseratur
514 1191 595 1250 Brut.
616 1189 685 1269 Peg.
705 1186 781 1258 991,
800 1186 834 1246 Α.
877 1184 934 1247 tori
949 1176 1060 1265 χρόνον
1080 1183 1176 1264 μῆκος
1194 1173 1313 1262 λαμβά-

325 1330 435 1381 νοντος.
452 1310 540 1369 ilion.
557 1309 630 1390 Gap.
641 1294 681 1367 25
690 1353 699 1382 ‚
719 1305 796 1366 med.
838 1303 894 1366 τοῦ
908 1293 1079 1379 πνεύματος
1092 1294 1223 1382 μέγεθος
1237 1301 1313 1377 λαμ·

325 1418 468 1504 βάνονιος
494 1424 525 1488 h.
552 1445 577 1484 e.
604 1413 737 1502 μεγάλου
756 1414 939 1502 γιγνομένου.
960 1418 1097 1502 Thucyd.
1116 1419 1148 1490 I,
1169 1417 1218 1477 91.
1239 1419 1311 1478 init.

325 1534 406 1620 ὕψος
431 1535 580 1621 λαμβάνει
603 1534 650 1623 (rei
676 1539 787 1620 τεῖχος)
816 1540 897 1600 idem
922 1537 1006 1621 quod
1031 1529 1154 1618 ν’ψηλόν
1179 1531 1314 1616 γίγνεται.

327 1664 424 1736 Quare
444 1660 589 1721 hocloco
613 1661 655 1720 sic
673 1669 782 1718 vertas:
805 1666 834 1716 in
855 1664 969 1736 longum
991 1657 1123 1734 durabat.
1145 1687 1183 1702 -
1201 1655 1316 1715 Deinde

328 1778 461 1838 Sintenis
481 1788 510 1838 et
527 1775 698 1838 Sehaeserus
715 1775 791 1834 mihi
810 1773 951 1834 ridentur
971 1795 1080 1834 errasse
1097 1773 1229 1834 delentes
1248 1794 1315 1856 par-

329 1895 453 1956 ticulam
473 1889 530 1974 μέν
550 1895 628 1956 inter
644 1892 708 1955 τοῖν
727 1904 756 1952 et
775 1884 945 1970 κλιμάκων,
970 1913 1064 1974 quam
1088 1891 1218 1974 Vulgata
1239 1901 1316 1950 recte

328 2011 460 2074 exhibet.
504 2011 669 2074 Cohaerent
695 2013 777 2071 enim
800 2011 863 2072 τῶν
887 2006 944 2088 μὲν
969 2001 1138 2090 κλιμάκων,
1162 2009 1245 2093 quod
1277 2009 1317 2068 ad

328 2132 425 2214 μῆκος
439 2123 590 2209 ἐλάμβανε
595 2175 606 2205 ,
626 2143 655 2190 et
669 2124 691 2211 ἦ
705 2123 734 2190 δ’
748 2120 813 2210 ὥρα
828 2121 1015 2210 κατήπειγεν,
1034 2130 1116 2211 quod
1133 2129 1171 2188 ad
1187 2131 1318 2206 χαλεπός

329 2239 368 2330 ἦν
392 2244 410 2307 ὁ
430 2269 455 2310 κ.
482 2251 616 2310 refertur.
658 2251 697 2310 At
725 2252 784 2324 sic,
812 2249 925 2309 dixerit
947 2249 1117 2331 quispiam,
1142 2247 1316 2307 scribendus

329 2377 393 2426 erat
411 2366 502 2425 etiam
521 2367 671 2447 genitivus
691 2362 844 2424 absolutus
862 2363 917 2444 τῆς
935 2359 964 2425 δ’
981 2352 1062 2448 αἴρας
1084 2354 1318 2444 κατεπειγούσης.

330 2481 387 2541 Sed
413 2483 455 2541 ita
479 2494 535 2542 tres
563 2503 592 2541 se
616 2479 826 2563 subsequentes
855 2483 981 2562 genitivi
1013 2480 1141 2542 absoluti
1173 2482 1318 2542 orationis

331 2599 537 2680 perspicuitati
565 2610 594 2659 et
615 2599 782 2679 elegantiae
802 2597 954 2676 obessent;
985 2620 1078 2682 quare
1102 2598 1158 2660 sibi
1185 2600 1319 2682 permisit

333 2716 510 2776 Plutarchus
540 2727 658 2797 gratam
676 2716 769 2778 ‚lianc
800 2715 1037 2778 anacoluthiam.
1064 2751 1105 2764 -
1133 2719 1213 2791 Quae
1231 2718 1319 2776 uncis

333 2835 444 2895 inclusi
472 2834 693 2917 interpolatoris
720 2855 845 2894 manum
863 2844 1005 2914 arguunt.
1046 2831 1218 2894 Absurdum
1236 2835 1319 2892 enim

332 2967 375 3014 est
405 2956 536 3036 cogitare
561 2977 611 3014 eos
638 2960 804 3032 singulatim
831 2959 1000 3014 adscendere
1026 2972 1113 3033 atque
1134 2961 1225 3016 tarde.
1265 2954 1319 3014 Sed

333 3066 485 3149 σχολαίως
509 3073 714 3153 interpretatio
738 3083 780 3132 est
799 3071 855 3133 τοῦ
872 3066 945 3132 καθ’
966 3066 1019 3137 ἕνα
1039 3068 1220 3151 ἀναβαίνειν,
1243 3094 1321 3156 quae

332 3207 351 3245 e
375 3189 511 3270 margine
539 3189 573 3248 in
602 3199 715 3249 textum
747 3209 776 3249 se
800 3191 965 3250 insinuasse
984 3190 1110 3252 ridetur.
1142 3225 1179 3236 -
1208 3188 1321 3249 Deinde

335 3307 429 3366 dictio
452 3329 480 3368 τι
499 3299 598 3388 φέρειν
618 3298 774 3370 εἰωθότων
801 3329 865 3368 non
891 3308 981 3368 modo
1002 3309 1145 3368 mendosa
1163 3319 1220 3384 est3
1252 3305 1320 3367 Plu·

335 3421 456 3483 tarchus
482 3425 563 3482 enim
595 3426 754 3506 scripsisset
783 3447 846 3484 non
865 3419 964 3506 φέρειν
987 3425 1036 3486 sed
1054 3429 1147 3506 ἄγειν,
1178 3423 1261 3508 quod
1280 3437 1322 3485 est

337 3538 458 3600 verbum
485 3542 642 3622 proprium
676 3541 713 3600 de
743 3542 891 3610 mercibus
921 3543 968 3602 vel
992 3542 1244 3628 promercalibus:
1272 3542 1321 3602 sed

338 3659 428 3718 etiam
447 3677 663 3740 supervacanea
685 3671 741 3735 est3
761 3660 793 3720 id
809 3661 906 3743 ipsum
926 3663 1007 3723 enirn
1025 3672 1088 3722 tam
1104 3662 1184 3721 clare
1199 3683 1238 3722 ex
1253 3681 1323 3720 corr·

337 3786 420 3836 textu
445 3787 538 3858 patet,
570 3788 606 3836 ut
625 3775 721 3837 verbis
748 3779 940 3838 enuntiatum
963 3778 1079 3859 frigeat.
1107 3815 1144 3823 -
1174 3780 1323 3840 Postremo

267 3971 269 3974 Ι
337 3896 417 3952 inter
432 3889 650 3974 φθεγγομένων
670 3906 700 3956 et
719 3889 922 3977 ἀλεκτρυόνων
938 3897 1101 3958 articulum
1120 3895 1183 3958 τῶν
1204 3898 1323 3956 interse-

339 4032 402 4086 ras,
420 4013 474 4094 qui
493 4011 532 4072 ob
553 4013 753 4076 antecedentis
771 4012 851 4074 verbi
872 4016 986 4076 exitum
1007 4015 1149 4086 excidisse
1167 4014 1294 4076 videtur.
