3022 5080
718 478 897 542 ...60-

313 654 465 746 όπήλλοξε
484 664 540 746 τῆς
557 658 730 746 τυραννίδος
749 655 848 748 ἡμέρη
860 655 985 746 πέμπτῃ
1000 657 1130 724 Δαισίου
1142 657 1248 744 μηνός,
1266 654 1302 724 όν

313 775 473 863 Ἀθηναῖοι
491 781 635 844 καλοῦσιν
645 775 909 863 Ἀνθεστηριῶνα,
927 776 979 842 καλ
990 772 1046 862 τη“ν
1058 777 1175 842 θοοιόν
1186 777 1299 862 ἐκείνην

313 892 454 982 Σντῆριοι
472 894 729 982 προςαγοριόουσι·
749 892 806 983 την
824 893 860 960 δὲ
878 897 935 962 roei
947 891 1043 980 μηνός
1062 895 1100 960 ἐν
1119 883 1298 984 ᾗγινέσθαι

313 1012 367 1080 τόν
386 1015 483 1100 ἄνδρα
503 1007 783 1099 διαμνημονεύουσι

354 1136 488 1196 Primum
509 1133 722 1216 corrigendum
741 1144 785 1194 est
808 1128 937 1208 θυσίας,
962 1131 1046 1215 quod
1068 1133 1221 1216 sequentia
1241 1123 1297 1212 τήν

312 1245 382 1332 μὲν,
401 1244 458 1332 την
476 1244 514 1312 δέ
528 1249 648 1335 jubent.
663 1287 704 1298 -
724 1249 838 1312 Deinde
858 1249 1041 1334 ejiciendum
1062 1247 1105 1311 ἐν.
1138 1249 1213 1310 Nam
1228 1251 1296 1309 sirn-

313 1371 387 1454 plici
416 1368 518 1430 dutiro
545 1379 663 1430 tantum
692 1379 822 1430 utuntur
849 1367 951 1428 Graeci
975 1366 1013 1427 ad
1034 1378 1150 1450 ternpus
1172 1365 1295 1426 finitum

311 1486 558 1572 significandum.

353 1712 404 1772 24.
448 1711 515 1792 Τῆς
541 1705 599 1788 μὲν
627 1700 683 1772 οὖν
714 1702 859 1791 προτέρας
887 1707 944 1770 τοῦ
975 1702 1050 1782 Διός
1073 1709 1130 1772 τοῦ
1157 1708 1298 1792 Σωτῆρος

311 1820 476 1910 κατήρχετο
502 1820 680 1910 θυηπόλος,
706 1828 762 1908 τῆς
791 1821 827 1887 δὲ
852 1819 992 1908 δευτέροις
1017 1823 1036 1888 ό
1062 1827 1118 1888 τοῦ
1144 1818 1297 1908 Ἀρότου,

312 1938 455 2031 στρόφιον
472 1940 532 2025 οόχ
551 1933 641 2007 όλον
660 1937 810 2019 λευκόν,
830 1937 911 2005 ἄλλό
927 1936 1159 2026 μεσοπόρφυρον
1179 1938 1277 2024 ἔχων,

352 2069 442 2128 Recte
466 2067 602 2127 Reislius
627 2065 703 2126 vidit
721 2065 761 2126 ad
779 2064 836 2128 τοῦ
854 2056 930 2137 Διός
949 2054 1125 2146 θυηπόλος,
1144 2067 1217 2148 quia
1238 2088 1296 2150 op-

311 2186 437 2267 ponitur
463 2179 481 2245 ό
506 2183 563 2246 τοῦ
581 2175 734 2265 Ἀρότοο,
762 2182 926 2242 articulum
950 2181 1121 2252 desiderari.
1162 2183 1234 2259 Sed,
1255 2205 1296 2244 ne

312 2302 457 2362 articulus
477 2299 566 2361 verbo
586 2301 777 2382 interjectos
797 2301 924 2360 nomine
937 2299 1136 2376 distrahatur,
1159 2301 1238 2385 quod
1253 2313 1295 2362 est

311 2431 417 2480 eontra
444 2418 569 2499 linguae
596 2417 745 2493 indolem,
783 2417 1041 2501 transponendum
1071 2417 1147 2478 mihi
1178 2419 1294 2478 ridetur

310 2524 470 2618 θυηπόλος
498 2526 673 2617 κατήρχετο.
703 2571 737 2582 -
779 2535 935 2596 Caeterum
966 2528 1108 2617 στρόφιον
1135 2527 1195 2615 οόχ
1223 2520 1295 2596 όλον

310 2643 415 2715 λευκόν
429 2652 542 2714 dieitur
554 2654 641 2737 quasi
654 2674 721 2736 pars
735 2675 753 2714 a
765 2652 900 2735 strophio
914 2651 984 2713 albo
998 2651 1124 2714 abscissa
1139 2653 1186 2713 sit.
1208 2653 1294 2728 Quod

310 2792 407 2854 quum
422 2772 462 2832 sit
480 2769 644 2832 absurdum
663 2781 691 2832 et
707 2771 828 2853 perierit
843 2771 935 2832 etiam
952 2769 1123 2831 antithesis:
1146 2771 1297 2851 corrigen-

310 2888 385 2948 dum
411 2888 544 2961 videtur,
570 2911 633 2950 una
659 2889 757 2950 littera
779 2888 892 2960 deleta,
915 2881 1088 2963 ὁλόλευκον,
1114 2889 1195 2972 quod
1217 2899 1294 2948 recte

310 3005 438 3065 omnino
458 3004 616 3086 respondet
635 3004 679 3090 τῷ
697 2998 937 3090 μεσοπόρφυρον.

747 3169 842 3178 ι--ι-ι

691 3297 797 3358 CAP.
841 3297 913 3358 Ltv.

350 3492 379 3550 5.
420 3486 470 3550 καὶ
490 3483 673 3572 παρέτρεψεν
692 3486 732 3562 εἰς
752 3483 849 3562 δεινός
873 3486 924 3551 καὶ
943 3483 1126 3566 ἀλλοκότους
1148 3489 1294 3576 ἐπιφοραῖς

307 3594 443 3688 πρόξεων
466 3597 589 3668 α’τόιιοιν
614 3601 664 3665 καὶ
685 3599 741 3666 σόν
761 3601 895 3691 αἰοχόνη
915 3607 1029 3669 παθῶν
1048 3602 1196 3692 ὀλεθρίων
1214 3604 1292 3690 όρε-

307 3715 484 3806 νόμενον,

347 3835 484 3924 πράξεων
508 3837 559 3902 καὶ
584 3841 698 3920 παθῶν
722 3853 794 3902 sunt
814 3843 945 3904 Genitivi
967 3842 1106 3926 objectivi
1129 3844 1293 3928 pendentes

308 3981 325 4020 a
343 3957 528 4018 substantivo
546 3958 659 4021 verbali
680 3951 843 4042 ἐπιφοράς,
856 3962 939 4044 quod
956 3962 1050 4024 lector
1063 3962 1174 4046 aliquis
1190 3963 1293 4022 minus

306 4076 486 4160 perspiciens
504 4075 622 4138 addidit
639 4076 718 4138 verb.
733 4069 923 4160 ὀρεγόμενον,
941 4102 1002 4163 quo
1020 4101 1138 4143 sensum
1155 4081 1293 4162 corrupit
