3022 5080
725 489 900 552 ..49-

323 667 656 758 τδδδρσεσὶτδνδευ
676 671 726 736 καὶ
743 669 1320 759 τοσῶμστῇρσπῇμαρδνέγιλδνας

323 791 375 855 ω’
393 781 621 876 ἀπερεισάμενος
637 783 762 874 εἱστήκει
783 785 880 852 notris
895 782 1006 872 χρόνον
1024 793 1129 877 σιωπῇ
1147 785 1319 870 δεχόμενος

322 907 426 976 aeus
441 906 513 985 τούς
530 905 662 994 xrirws

364 1033 462 1108 Quam
486 1033 632 1092 ocissume
655 1051 695 1091 ex
720 1028 967 1092 anuoedenribus
992 1026 1033 1102 εἰς
1055 1023 1150 1106 μέσον
1169 1029 1318 1112 προῆλθε

323 1149 534 1230 corrigendum
551 1149 721 1230 προελθᾶσ.
762 1148 870 1208 lirum
891 1159 1044 1232 quantum
1066 1169 1163 1231 quum
1179 1150 1213 1211 iu
1232 1160 1316 1209 eete-

322 1268 363 1327 ris
388 1263 658 1349 praepositionibus
685 1278 750 1326 turn
781 1268 816 1326 iu
843 1255 918 1347 ιρδς
942 1279 973 1327 et
992 1259 1053 1346 πρό
1071 1279 1227 1349 peecatum
1245 1278 1312 1342 est5

322 1385 493 1447 conseratur
516 1405 606 1467 supra
629 1396 695 1444 not.
717 1384 756 1444 ad
776 1383 847 1467 Cap.
870 1384 1174 1456 xxtt‚a2,10.-
1201 1385 1314 1447 Coraes

321 1504 360 1564 de
378 1525 433 1564 suo
450 1503 534 1564 dedit
549 1493 787 1585 ἐπερεισάμενος,
806 1503 856 1562 sed
876 1514 955 1564 recte
972 1503 1044 1562 libri
1063 1503 1141 1564 dant
1153 1496 1313 1584 ἀπερεισά-

321 1641 410 1698 μενος
428 1622 510 1704 quod
527 1621 651 1682 refertur
672 1621 710 1680 ad
727 1615 908 1697 μεταλαβών
929 1617 970 1692 εἷς
987 1614 1043 1701 τήν
1062 1619 1161 1693 δεξεεὶε
1177 1615 1213 1682 td
1230 1613 1310 1702 δόρυ

322 1740 372 1798 cui
396 1744 520 1796 adnixus
544 1757 588 1797 est
614 1748 656 1797 itu
682 1755 715 1797 ut
735 1740 892 1798 maamad
912 1742 1160 1815 Ιισεεαρσιιεδσνσι.
1194 1740 1312 1800 Utrius-

321 1876 381 1938 que
400 1856 633 1938 praepositionis
647 1856 801 1938 propriam
816 1856 878 1916 vim
896 1857 930 1915 in
943 1855 1002 1916 hoc
1015 1859 1181 1939 composito
1194 1857 1308 1927 videas,

320 1974 345 2034 si
363 1973 498 2034 conferas
509 1972 673 2034 Archimel.
683 1973 710 2044 l,
722 1973 859 2056 Appcnd.
870 1972 996 2033 Anthct.
1007 1973 1102 2034 Palat.
1113 1975 1161 2034 15.
1180 1970 1309 2051 ariopo-

210 2067 223 2086 ’
321 2109 369 2152 σιν
385 2083 515 2174 ἀγκύρας
530 2086 714 2173 ἀπερείδεται
731 2091 806 2164 ναῦς
821 2102 852 2151 et
867 2091 1020 2174 Aristoph.
1038 2092 1148 2152 Eccles.
1170 2114 1211 2153 vs.
1233 2093 1308 2154 277.

319 2211 388 2280 ταῖς
405 2204 579 2290 βακιηρδαες
594 2200 809 2290 ἐπερειδόμεναι
828 2207 872 2290 (h.
894 2230 919 2268 c.
940 2208 1103 2288 innitentes)
1123 2205 1270 2288 βαδίζετε.

690 2491 750 2551 ct
765 2489 797 2550 Ρ.
837 2491 950 2563 ΧΧΝ.

361 2682 412 2744 20.
453 2671 544 2744 Οὕτω
569 2679 598 2743 δ’
621 2677 746 2762 ἴσχυσεν
769 2680 803 2744 ἓν
824 2685 890 2755 τοῖς
909 2677 1065 2762 Ἀχαιοῖς,
1085 2675 1165 2760 ὡ’ςε’,
1195 2684 1227 2746 εἰ
1250 2680 1306 2766 μή

319 2796 383 2864 κατ’
399 2794 538 2864 &coortis
553 2798 640 2883 ἐξῆν,
659 2796 730 2881 παρ’
744 2794 882 2863 &temris
899 2798 1053 2883 αἱρεῖσθαι
1068 2796 1235 2886 στρατηγδν
1250 2797 1304 2864 ad-

318 2915 387 2994 τδν,
408 2914 483 3005 ἔργῳ
503 2915 538 2978 δὲ
557 2917 607 2978 καὶ
624 2909 732 3003 γνώμῃ
750 2912 804 2978 dui
823 2911 934 2990 παντός
951 2923 1062 3001 ἄρχειν.

361 3038 446 3112 Quod
476 3033 547 3096 libri
575 3056 678 3095 ornnes
703 3035 848 3095 exhibent
870 3034 895 3096 εἰ
919 3029 966 3117 μή
990 3031 1054 3098 κατ’
1074 3031 1210 3098 ἓνεαυτδν
1230 3035 1303 3118 ἐξῆν

318 3175 426 3238 parum
444 3174 553 3214 sanum
571 3152 770 3213 videturesse.
812 3154 890 3228 Quid
911 3167 1009 3214 autem
1029 3156 1155 3237 scriptor
1173 3157 1302 3216 voluerit

318 3283 414 3356 patet:
443 3282 512 3350 quio
535 3280 587 3347 jus
619 3293 674 3329 non
698 3288 762 3329 erat
782 3293 952 3349 qrremquum
973 3282 1123 3348 quotannis
1140 3289 1301 3350 praetorem

317 3397 417 3448 creari.
456 3387 669 3448 Revocandum
690 3389 785 3467 igitur
805 3389 889 3470 quod
910 3389 1013 3448 Coraes
1026 3389 1063 3449 de
1075 3411 1130 3450 suo
1142 3390 1226 3450 dedit
1237 3387 1302 3452 ἐπεὶ

317 3525 372 3587 pro
391 3501 427 3564 εἰ.
468 3503 579 3578 Quodsi
599 3505 691 3564 etiam
710 3500 756 3586 μή
775 3505 811 3564 iu
831 3505 865 3564 in
886 3498 924 3565 ου’
943 3517 1084 3568 mutasset
1103 3519 1133 3566 et
1153 3508 1251 3568 sensui
1271 3518 1302 3566 et

316 3623 470 3705 graecitati
492 3621 686 3684 satisfecisset.

760 3789 855 3796 ---.....

690 3919 711 3978 G
725 3918 750 3978 Α
765 3919 795 3977 P.
837 3919 923 3980 XXV.

359 4100 404 4160 10.
446 4091 648 4179 παραξιφίδας
677 4088 839 4178 ἐνέρραψεν
867 4094 907 4169 εἰς
936 4089 1087 4178 σάγματα·
1125 4096 1174 4159 καὶ
1202 4098 1302 4160 ταῦτα
