3022 5080
605 517 779 581 „39-

197 695 405 779 perpenderis,
434 696 552 758 collatis
576 698 822 780 praecedentibus
842 696 1047 780 κατεκάλυψεν
1073 697 1185 788 αύλαίιγ

196 809 252 887 τοῖς
273 804 385 896 θύρας,
398 814 552 895 significat
573 822 679 877 tollere.
708 817 787 891 Quid
802 817 884 878 huc?
916 818 1027 879 Deinde
1039 841 1182 903 quorsum

196 933 312 992 diversa
333 943 467 1014 tempore
489 926 707 994 διαστέλλουσα
727 943 757 994 et
775 929 994 1014 ύπολαβούσαλ
1009 973 1049 982 -

241 1165 289 1225 10.
333 1160 373 1226 Oi
393 1160 428 1226 δὲ
447 1161 515 1248 περὶ
534 1160 588 1238 τοίς
608 1159 707 1240 πύλας
726 1163 785 1241 ἔξω
805 1169 892 1250 περὶ
912 1164 947 1232 τύ
963 1167 1090 1252 Ἡραῖον
1110 1167 1182 1234 α’πο-
1263 1147 1266 1152 ¹

196 1276 370 1365 λειφθέντος
388 1283 457 1364 [τοῦ
476 1276 604 1366 Ἀράτου
625 1286 818 1367 στρατιῶται]
840 1279 1000 1368 τριακόσιοι
1015 1284 1051 1350 sd
1062 1290 1184 1371 πλῆθος

195 1402 289 1475 ὄντες,
311 1390 353 1474 ὥς
371 1423 442 1463 ποτε
462 1397 671 1486 παρειςέπεσον
690 1401 731 1477 εἰς
750 1399 806 1485 τήν
825 1398 930 1510 πόλινΙ

196 1579 199 1590 ,
239 1519 371 1580 Primum
398 1519 513 1602 duplex
539 1517 606 1601 περὶ
630 1520 767 1582 offendit.
814 1523 871 1582 Pro
898 1523 992 1586 altero
1019 1525 1180 1606 legendum

195 1657 256 1696 esse
273 1638 406 1720 conjicio
423 1631 515 1720 nupsi.
555 1639 732 1700 Conferetur
750 1661 839 1722 supra
859 1641 928 1724 Cap.
940 1642 1016 1702 xxl.
1034 1644 1101 1704 init.
1128 1633 1181 1724 ἦγε

195 1747 270 1834 πρὸς
293 1749 348 1826 uic
366 1745 465 1827 πύλας
488 1753 573 1838 παρολ
596 1751 631 1818 τό
648 1754 798 1839 Ἡραῖον,
828 1759 964 1842 Xenoph.
985 1760 1083 1820 Anah.
1107 1763 1180 1832 vll,

196 1872 300 1942 2,11.
342 1865 379 1934 τύ
403 1867 431 1932 δ’
452 1875 526 1936 ἄλλο
550 1867 723 1954 στράτευμα
743 1875 805 1935 πᾶν
825 1872 857 1936 ἓν
877 1877 922 1962 τῷ
941 1873 1024 1962 αύτῷ
1044 1874 1127 1958 παρα
1146 1873 1182 1939 ro*

195 1993 293 2070 τεῖχος
312 1991 375 2054 τῶν
383 1988 559 2074 Περινθίων
578 1982 625 2072 ἦν.
663 1993 812 2075 Frequens
833 2005 877 2053 est
896 1995 1078 2075 permutatio
1100 2016 1180 2076 prae·

194 2110 381 2191 positionum
401 2103 486 2193 nupsi
505 2122 535 2170 et
555 2107 624 2192 περί
641 2111 676 2170 in
689 2109 866 2188 Codicibus,
879 2111 1050 2170 conseratur
1063 2123 1125 2172 not.
1142 2114 1180 2172 ad

195 2223 263 2307 huj.
285 2227 356 2310 Cap.
377 2228 511 2288 initium.
546 2226 659 2288 Deinde
687 2225 833 2288 vocabula
859 2249 937 2310 quae
959 2229 1045 2292 uncis
1066 2229 1177 2290 inclusi

193 2343 310 2424 ejicias,
330 2366 408 2426 quae
430 2367 447 2403 a
468 2345 635 2426 magistello
656 2346 788 2427 margini
811 2345 960 2428 adscripta
980 2347 1090 2428 iniquo
1110 2346 1179 2406 loco

195 2463 229 2520 in
255 2474 369 2523 textum
397 2464 544 2546 irrepsisse
569 2464 720 2525 videntur.
762 2466 842 2538 Quae
863 2467 886 2526 si
910 2465 1047 2526 addenda
1068 2478 1177 2542 essent,

190 2581 260 2660 jure
281 2601 369 2640 suurn
390 2581 491 2640 locum
512 2582 591 2640 inter
612 2577 652 2641 Oi
672 2577 707 2640 δὲ
727 2593 757 2640 ct
778 2579 843 2662 περὶ
863 2594 1054 2664 occuparent.

193 2951 252 3003 τες
275 2917 342 3010 duo
367 2931 459 3017 φωνῇ
484 2927 676 3012 διεσήμαινον
695 2925 823 3002 ἑαυτούς
842 2927 1091 3013 ἐπιθαρρύνοντες
1109 2925 1180 3004 τούς

193 3045 308 3130 φίλους
336 3037 359 3130 ἥ
386 3071 417 3110 τε
446 3045 632 3130 πανσέληνος
660 3044 847 3130 ἀπέφαινε
877 3043 917 3110 τιν’
947 3038 1027 3110 ὅπλα
1058 3048 1180 3112 πλείονα

192 3159 360 3246 φαινόμενα
378 3169 441 3238 τοῖς
460 3163 612 3246 πολεμίοις
632 3162 686 3228 did
702 3161 738 3228 τύ
754 3169 850 3248 μῆκος
867 3168 922 3248 τῆς
941 3163 1059 3245 πορείας
1079 3165 1128 3227 καὶ
1145 3160 1181 3229 τύ

192 3284 248 3364 τῆς
271 3279 375 3356 ννκτύς
399 3280 518 3366 ἠχῶδες
541 3279 594 3347 σύν
620 3281 797 3364 α’λαλαγμόν
820 3277 883 3344 dud
908 3274 1179 3346 πολλαπλασιόνων

192 3391 214 3480 ἦ
235 3394 427 3463 τοσούτων
452 3398 543 3464 ε’ποιέι
563 3400 661 3463 δοκεῖν
683 3395 882 3484 φέρεσθαι.

232 3519 327 3578 Locus
354 3517 407 3580 hic
430 3521 547 3580 mendis
573 3530 679 3598 scatet,
705 3541 783 3602 quae
803 3519 909 3580 tollere
927 3530 1083 3580 tentemus.
1115 3519 1178 3578 Pri-

192 3657 276 3695 mum
302 3658 357 3718 pro
380 3632 603 3716 προςβαίνοντες
626 3637 790 3718 legendum
816 3637 933 3700 videtur
953 3631 1161 3716 προβαίνοντες
1167 3656 1178 3708 ,-

192 3753 362 3813 conseratur
382 3755 465 3814 enirn
485 3775 575 3837 supra
596 3753 667 3838 Cep.
682 3754 748 3814 VII.
762 3755 830 3813 init.
851 3750 892 3824 εἷς
904 3745 1028 3829 Νεμέαν
1039 3750 1177 3832 προῆγεν,

191 3871 323 3952 προῆγεν
343 3867 394 3932 ἐπὶ
413 3865 469 3954 τήν
487 3863 576 3934 πόλιν
583 3894 594 3946 ,·
614 3871 701 3932 verbo
722 3868 865 3951 ἡγεῖσθαι
885 3881 1003 3947 autem,
1018 3872 1099 3953 quod
1118 3871 1178 3932 sere

191 3988 271 4049 idem
300 3989 379 4050 valet
408 4012 443 4050 ac
473 3983 626 4072 προάγειν,
657 3989 815 4072 respondet
845 3983 880 4050 co*
908 3987 1105 4071 προβαίνειν.
1134 4024 1174 4036 -

192 4105 304 4166 Deinde
338 4108 470 4170 Sintenis
504 4109 606 4170 minus
638 4121 715 4172 recte
753 4108 885 4179 videtur,
917 4119 1035 4170 auctore
1067 4110 1174 4178 Corae,
