3022 5080
222 741 270 789 tur
298 729 352 787 alii
380 728 479 810 plures
507 738 535 786 et
563 729 730 809 sequuntur
758 728 891 811 pluralia
918 721 1197 800 duodenae-..0

217 838 399 925 εὐφημοῦσι.
441 843 526 918 Quod
551 841 722 902 Schaeferus
738 844 781 902 ait
799 842 881 903 nihil
896 843 1077 902 mutandum
1093 863 1152 904 esse
1166 841 1206 901 ob

220 964 281 1022 vim
306 960 495 1031 collectivam
524 961 714 1043 pronominis
734 945 762 1043 ᾦ
782 959 813 1019 id
836 957 987 1043 improbo,
1015 962 1089 1042 quia
1115 961 1204 1020 modo

221 1076 575 1160 Baletium-‚adjuncta
596 1077 747 1159 particula
769 1079 824 1151 ἄν,
845 1099 914 1137 cum
937 1078 1136 1158 Conjunetivo
1158 1077 1206 1137 vel

220 1195 349 1276 simplex
367 1193 536 1254 Relativum
554 1215 624 1254 cum
642 1195 781 1278 Optativo
801 1193 846 1253 vel
859 1183 939 1267 ὅστις
952 1215 1021 1254 cum
1036 1194 1205 1254 indicativo

222 1313 389 1393 generalem
412 1314 591 1372 sententiam
612 1311 743 1374 exhibet.
786 1313 963 1372 Corrseratur
983 1312 1060 1372 Plat.
1078 1311 1205 1394 Reipub.

222 1431 303 1500 Vlll,
319 1427 390 1510 Pag.
406 1429 476 1498 566,
489 1429 524 1490 D..
560 1431 695 1512 Xenoph.
711 1430 807 1491 Anah.
821 1433 846 1504 I,
864 1431 924 1508 l‚5.
957 1431 1065 1514 Cyrop.
1081 1433 1104 1507 Ι,
1119 1430 1205 1502 4,10.

265 1665 313 1725 15.
356 1660 404 1726 Ου’
422 1658 480 1748 γαρ
498 1661 585 1727 ἰδίων
605 1659 717 1752 οἰκουρίᾳ
741 1665 843 1728 καλῶν
861 1665 1024 1748 ἐξαρτῶσιν
1043 1659 1208 1747 ἀλλοτρίων

222 1775 427 1862 destituamini
447 1775 558 1856 δόξαν,
590 1775 670 1844 ἄλλο’
694 1785 758 1854 τοῖς
782 1777 900 1844 ἐκείνων
925 1778 966 1844 ra*
985 1781 1077 1844 οῑκεΐα
1098 1774 1207 1844 συναΐ-

221 1915 364 1979 dovrae
391 1898 433 1975 ω’ς
456 1900 517 1964 καὶ
544 1902 600 1964 τοῦ
624 1896 727 1981 γένους
751 1899 802 1964 καὶ
821 1903 882 1964 ’τοῦ
907 1898 976 1982 βίον
996 1893 1207 1984 καθηγεμόνας

222 2014 402 2098 εὐφημοῦσι.

264 2134 631 2216 Primumcorrigendum
654 2135 771 2195 videtur
792 2159 829 2196 ex
850 2136 971 2216 Vulgat.
993 2128 1209 2208 συνάπτοντες,

223 2253 305 2335 quod
331 2254 527 2336 participium
553 2263 630 2312 recte
657 2274 687 2312 se
711 2251 811 2312 habet.
857 2255 933 2312 Nam
963 2253 1102 2325 honesta,
1131 2273 1208 2334 quae

222 2383 366 2453 perpetuo
391 2383 546 2442 exercent,
577 2383 721 2454 perpetuo
745 2371 912 2431 adnectunt
930 2372 1078 2452 majorum
1101 2370 1205 2430 laudi·

222 2487 292 2564 hus3
312 2500 402 2570 atque
421 2490 572 2572 praecedit
592 2491 763 2575 oppositum
778 2511 916 2574 praesens
934 2483 971 2550 ου’
992 2525 1014 2534 -
1037 2485 1209 2568 ἔξαρταῖστν.

223 2608 320 2680 Quare
345 2628 499 2690 perperam
525 2607 602 2668 mihi
632 2609 765 2668 Sintenis
785 2607 901 2669 videtur
922 2609 992 2670 aor.
1014 2609 1092 2668 Part.
1114 2601 1208 2667 συνά-

222 2742 351 2805 ψαντες,
376 2728 457 2809 quod
479 2729 512 2786 in
536 2749 598 2786 uno
620 2739 739 2788 tantum
761 2729 869 2788 Codice
890 2728 1140 2809 Sangermanensi
1163 2725 1209 2786 le·
1306 2773 1313 2787 .

224 2849 322 2928 gitur,
351 2847 385 2905 in
406 2857 523 2906 textum
545 2847 693 2927 recepisse.
719 2881 755 2893 -
780 2845 892 2905 Deinde
913 2847 995 2928 prius
1016 2841 1067 2905 καὶ
1087 2846 1207 2927 ejicien-

224 2965 314 3041 dum3
336 2985 400 3024 non
421 2965 502 3023 enim
526 2985 575 3024 eos
596 2963 725 3024 laudant
748 2976 902 3048 tamquam
923 2975 952 3023 et
972 2964 1072 3050 stirpis
1091 2976 1121 3026 et
1130 2965 1207 3026 vitae

224 3084 328 3143 duces:
353 3083 401 3143 sed
423 3083 678 3164 quemadmodum
701 3105 749 3143 eos
769 3086 884 3163 generis
902 3095 1043 3154 auctores,
1059 3076 1211 3165 α’ρχγγούς

221 3197 319 3282 (quod
350 3222 414 3260 voc.
450 3201 487 3259 ad
517 3201 573 3260 rori
600 3195 703 3280 γένους
736 3202 979 3263 subaudiendum
1008 3213 1065 3272 est,
1097 3204 1210 3284 quippe

225 3317 321 3376 latens
348 3318 382 3376 in
411 3339 472 3376 voc.
499 3309 710 3398 καθηγεμόνας
735 3320 854 3401 proprie
882 3319 919 3378 ad
949 3320 1122 3400 proximum
1142 3315 1209 3398 βίον

225 3433 401 3516 pertinenti)
423 3435 465 3495 sic
485 3435 575 3495 duces
596 3437 674 3496 ritae
694 3435 856 3496 celebrant.

265 3670 314 3730 25.
357 3663 512 3733 Φιλαυτου
532 3664 589 3753 γαρ
610 3667 732 3755 α’νδρός,
759 3667 797 3732 ov‘
817 3667 998 3752 φιλοκάλου,
1026 3665 1146 3746 πάντως
1165 3669 1211 3734 αἰεὶ

226 3780 378 3864 βέλτιστον
397 3767 547 3870 η’γεῗσθαι.

268 3906 358 3981 Haec,
383 3929 475 3990 quam
497 3908 625 3990 praefert
646 3911 776 3969 Sintenis
797 3910 976 3986 lectionem,
1002 3911 1126 3970 nullum
1147 3932 1211 3971 seu·

228 4043 294 4084 sum
312 4023 442 4106 praebet.
482 4027 559 4101 Quid
581 4038 624 4086 est
643 4026 815 4110 objectum?
852 4028 936 4105 Quod
955 4027 1107 4108 objectum
1124 4028 1211 4091 intel,

227 4140 313 4219 tigit,
337 4144 418 4224 quod
443 4143 587 4204 hocloco
609 4148 817 4228 quadret‘L-
846 4149 1016 4230 Xyiander‚
1035 4168 1136 4208 sensus
1154 4157 1208 4214 est,

1047 4263 1087 4321 l*

1329 795 1415 819 &J
