<?xml version="1.0" encoding="UTF-8"?>
<!DOCTYPE html PUBLIC "-//W3C//DTD XHTML 1.0 Transitional//EN"
    "http://www.w3.org/TR/xhtml1/DTD/xhtml1-transitional.dtd">
<html xmlns="http://www.w3.org/1999/xhtml" xml:lang="en" lang="en">
 <head>
  <title>
</title>
<meta http-equiv="Content-Type" content="text/html;charset=utf-8" />
  <meta name='ocr-system' content='tesseract 3.04.00' />
  <meta name='ocr-capabilities' content='ocr_page ocr_carea ocr_par ocr_line ocrx_word'/>
</head>
<body>
  <div class='ocr_page' id='page_1' title='image "./specimenlittara00zeitgoog_0079.png"; bbox 0 0 3022 5080; ppageno 0'>
   <div class='ocr_carea' id='block_1_1' title="bbox 733 525 902 584">
    <p class='ocr_par' dir='ltr' id='par_1_1' title="bbox 733 525 902 584">
     <span class='ocr_line' id='line_1_1' title="bbox 733 525 902 584; baseline 0.012 -2"><span class='ocrx_word' id='word_1_1' title='bbox 733 525 902 584; x_wconf 66' lang='lat' dir='ltr'><strong>-ss-</strong></span> 
     </span>
    </p>
   </div>
   <div class='ocr_carea' id='block_1_2' title="bbox 281 704 1318 2547">
    <p class='ocr_par' dir='ltr' id='par_1_2' title="bbox 281 704 1318 2547">
     <span class='ocr_line' id='line_1_2' title="bbox 760 704 887 764; baseline -0.008 -1"><span class='ocrx_word' id='word_1_2' title='bbox 760 704 887 764; x_wconf 85' lang='lat' dir='ltr'>XXXVI.</span> 
     </span>
     <span class='ocr_line' id='line_1_3' title="bbox 368 814 1318 904; baseline 0.004 -24"><span class='ocrx_word' id='word_1_3' title='bbox 368 819 447 882; x_wconf 90' lang='lat' dir='ltr'>lbid.</span> <span class='ocrx_word' id='word_1_4' title='bbox 468 844 498 904; x_wconf 92' lang='lat' dir='ltr'><em>p.</em></span> <span class='ocrx_word' id='word_1_5' title='bbox 520 821 590 884; x_wconf 76' lang='lat'>343.</span> <span class='ocrx_word' id='word_1_6' title='bbox 611 843 639 881; x_wconf 81' lang='grc' dir='ltr'><em>ο.</em></span> <span class='ocrx_word' id='word_1_7' title='bbox 680 823 789 903; x_wconf 75' lang='grc' dir='ltr'><em>ιῦηθις</em></span> <span class='ocrx_word' id='word_1_8' title='bbox 813 814 870 901; x_wconf 77' lang='grc' dir='ltr'><em>γάρ</em></span> <span class='ocrx_word' id='word_1_9' title='bbox 896 816 986 884; x_wconf 78' lang='grc' dir='ltr'><em>τοῦτό</em></span> <span class='ocrx_word' id='word_1_10' title='bbox 1013 845 1044 902; x_wconf 83' lang='grc' dir='ltr'><em>γι</em></span> <span class='ocrx_word' id='word_1_11' title='bbox 1072 819 1181 902; x_wconf 78' lang='grc' dir='ltr'><em>φανιίη</em></span> <span class='ocrx_word' id='word_1_12' title='bbox 1207 823 1256 884; x_wconf 77' lang='grc' dir='ltr'><em>καὶ</em></span> <span class='ocrx_word' id='word_1_13' title='bbox 1279 820 1318 884; x_wconf 82' lang='grc' dir='ltr'><em>ου’</em></span> 
     </span>
     <span class='ocr_line' id='line_1_4' title="bbox 325 934 947 1021; baseline 0.005 -24"><span class='ocrx_word' id='word_1_14' title='bbox 325 935 514 1015; x_wconf 63' lang='grc' dir='ltr'><em>Σιμωνιθου,</em></span> <span class='ocrx_word' id='word_1_15' title='bbox 534 941 592 1021; x_wconf 83' lang='lat' dir='ltr'>leg.</span> <span class='ocrx_word' id='word_1_16' title='bbox 614 934 652 1000; x_wconf 79' lang='grc' dir='ltr'><em>ον’</em></span> <span class='ocrx_word' id='word_1_17' title='bbox 671 934 746 1020; x_wconf 78' lang='grc' dir='ltr'><em>πρός</em></span> <span class='ocrx_word' id='word_1_18' title='bbox 766 935 947 1014; x_wconf 73' lang='grc' dir='ltr'><em>Σιμωνίδου.</em></span> 
     </span>
     <span class='ocr_line' id='line_1_5' title="bbox 748 1057 891 1118; baseline 0 -2"><span class='ocrx_word' id='word_1_19' title='bbox 748 1057 891 1118; x_wconf 79' lang='lat' dir='ltr'>XXXVII.</span> 
     </span>
     <span class='ocr_line' id='line_1_6' title="bbox 367 1171 1316 1258; baseline 0.004 -26"><span class='ocrx_word' id='word_1_20' title='bbox 367 1175 404 1232; x_wconf 91' lang='lat' dir='ltr'><em>ln</em></span> <span class='ocrx_word' id='word_1_21' title='bbox 426 1174 559 1234; x_wconf 82' lang='lat' dir='ltr'>Platonis</span> <span class='ocrx_word' id='word_1_22' title='bbox 580 1176 653 1234; x_wconf 88' lang='lat' dir='ltr'>Ione</span> <span class='ocrx_word' id='word_1_23' title='bbox 675 1198 704 1257; x_wconf 89' lang='lat' dir='ltr'><em>p.</em></span> <span class='ocrx_word' id='word_1_24' title='bbox 728 1175 797 1236; x_wconf 78' lang='grc'><strong>530.</strong></span> <span class='ocrx_word' id='word_1_25' title='bbox 819 1194 859 1234; x_wconf 64' lang='lat' dir='ltr'><em>a:</em></span> <span class='ocrx_word' id='word_1_26' title='bbox 888 1176 954 1247; x_wconf 79' lang='grc' dir='ltr'><em>παῖς</em></span> <span class='ocrx_word' id='word_1_27' title='bbox 976 1199 1005 1237; x_wconf 85' lang='grc' dir='ltr'><em>τι</em></span> <span class='ocrx_word' id='word_1_28' title='bbox 1024 1171 1179 1258; x_wconf 59' lang='grc' dir='ltr'><em>ἠγωνίσω</em></span> <span class='ocrx_word' id='word_1_29' title='bbox 1211 1199 1237 1238; x_wconf 84' lang='grc' dir='ltr'><em>τι</em></span> <span class='ocrx_word' id='word_1_30' title='bbox 1258 1177 1316 1237; x_wconf 84' lang='lat' dir='ltr'><em>de·</em></span> 
     </span>
     <span class='ocr_line' id='line_1_7' title="bbox 324 1290 463 1350; baseline 0.014 -2"><span class='ocrx_word' id='word_1_31' title='bbox 324 1290 463 1350; x_wconf 85' lang='lat' dir='ltr'>lendum.</span> 
     </span>
     <span class='ocr_line' id='line_1_8' title="bbox 737 1411 896 1470; baseline -0.006 0"><span class='ocrx_word' id='word_1_32' title='bbox 737 1411 896 1470; x_wconf 78' lang='lat' dir='ltr'>XXXVIII.</span> 
     </span>
     <span class='ocr_line' id='line_1_9' title="bbox 365 1519 1314 1610; baseline 0.004 -26"><span class='ocrx_word' id='word_1_33' title='bbox 365 1525 446 1586; x_wconf 87' lang='lat' dir='ltr'>lbid.</span> <span class='ocrx_word' id='word_1_34' title='bbox 470 1550 501 1610; x_wconf 88' lang='lat' dir='ltr'><em>p.</em></span> <span class='ocrx_word' id='word_1_35' title='bbox 513 1527 582 1588; x_wconf 81' lang='lat'>533.</span> <span class='ocrx_word' id='word_1_36' title='bbox 604 1551 629 1588; x_wconf 87' lang='lat' dir='ltr'>c.</span> <span class='ocrx_word' id='word_1_37' title='bbox 661 1526 711 1587; x_wconf 80' lang='grc' dir='ltr'><em>καὶ</em></span> <span class='ocrx_word' id='word_1_38' title='bbox 725 1522 905 1606; x_wconf 76' lang='grc' dir='ltr'><em>ἄρχομαόγέ</em></span> <span class='ocrx_word' id='word_1_39' title='bbox 917 1547 964 1588; x_wconf 89' lang='grc' dir='ltr'><em>σοι</em></span> <span class='ocrx_word' id='word_1_40' title='bbox 979 1523 1216 1606; x_wconf 72' lang='grc' dir='ltr'><em>ἀποφαινόμενος</em></span> <span class='ocrx_word' id='word_1_41' title='bbox 1229 1519 1248 1590; x_wconf 79' lang='grc' dir='ltr'>ὅ</span> <span class='ocrx_word' id='word_1_42' title='bbox 1259 1551 1314 1605; x_wconf 92' lang='grc' dir='ltr'><em>μοι</em></span> 
     </span>
     <span class='ocr_line' id='line_1_10' title="bbox 323 1640 1314 1726; baseline 0.004 -24"><span class='ocrx_word' id='word_1_43' title='bbox 323 1640 418 1716; x_wconf 76' lang='grc' dir='ltr'><em>δοκεῖ,</em></span> <span class='ocrx_word' id='word_1_44' title='bbox 448 1643 654 1725; x_wconf 86' lang='lat' dir='ltr'><strong>recipiendum</strong></span> <span class='ocrx_word' id='word_1_45' title='bbox 685 1656 748 1704; x_wconf 82' lang='lat' dir='ltr'>erat</span> <span class='ocrx_word' id='word_1_46' title='bbox 781 1642 863 1726; x_wconf 90' lang='lat' dir='ltr'>quod</span> <span class='ocrx_word' id='word_1_47' title='bbox 892 1642 1009 1704; x_wconf 82' lang='lat' dir='ltr'>dabant</span> <span class='ocrx_word' id='word_1_48' title='bbox 1037 1644 1158 1704; x_wconf 86' lang='lat' dir='ltr'><strong>Codices</strong></span> <span class='ocrx_word' id='word_1_49' title='bbox 1182 1640 1314 1726; x_wconf 75' lang='grc' dir='ltr'><em>ἔρχομαι</em></span> 
     </span>
     <span class='ocr_line' id='line_1_11' title="bbox 323 1752 849 1842; baseline 0.002 -23"><span class='ocrx_word' id='word_1_50' title='bbox 323 1771 388 1819; x_wconf 84' lang='lat' dir='ltr'><em>tum</em></span> <span class='ocrx_word' id='word_1_51' title='bbox 409 1752 658 1840; x_wconf 73' lang='grc' dir='ltr'><em>ἀποφανούμενος</em></span> <span class='ocrx_word' id='word_1_52' title='bbox 677 1761 849 1842; x_wconf 83' lang='lat' dir='ltr'>legendum.</span> 
     </span>
     <span class='ocr_line' id='line_1_12' title="bbox 749 1879 878 1938; baseline 0 0"><span class='ocrx_word' id='word_1_53' title='bbox 749 1879 878 1938; x_wconf 83' lang='lat' dir='ltr'>XXXIX.</span> 
     </span>
     <span class='ocr_line' id='line_1_13' title="bbox 281 1989 1313 2083; baseline 0 -27"><span class='ocrx_word' id='word_1_54' title='bbox 281 1991 284 1998; x_wconf 55' lang='lat'><strong>⁴</strong></span> <span class='ocrx_word' id='word_1_55' title='bbox 363 1998 399 2056; x_wconf 89' lang='lat' dir='ltr'><em>ln</em></span> <span class='ocrx_word' id='word_1_56' title='bbox 429 1996 563 2056; x_wconf 81' lang='lat' dir='ltr'><strong>Platonis</strong></span> <span class='ocrx_word' id='word_1_57' title='bbox 590 1995 716 2056; x_wconf 74' lang='lat' dir='ltr'>Xenone</span> <span class='ocrx_word' id='word_1_58' title='bbox 742 2017 771 2078; x_wconf 90' lang='lat' dir='ltr'><em>p.</em></span> <span class='ocrx_word' id='word_1_59' title='bbox 792 1995 841 2056; x_wconf 80' lang='lat'><em>94.</em></span> <span class='ocrx_word' id='word_1_60' title='bbox 863 2017 888 2055; x_wconf 86' lang='lat' dir='ltr'>e.</span> <span class='ocrx_word' id='word_1_61' title='bbox 938 1989 1011 2067; x_wconf 76' lang='grc' dir='ltr'><em>ἴσως</em></span> <span class='ocrx_word' id='word_1_62' title='bbox 1029 1991 1086 2074; x_wconf 78' lang='grc' dir='ltr'><em>μὲν</em></span> <span class='ocrx_word' id='word_1_63' title='bbox 1106 1996 1155 2056; x_wconf 86' lang='grc' dir='ltr'><em>καὶ</em></span> <span class='ocrx_word' id='word_1_64' title='bbox 1176 1994 1209 2056; x_wconf 81' lang='grc' dir='ltr'><em>ἕν</em></span> <span class='ocrx_word' id='word_1_65' title='bbox 1229 2000 1313 2083; x_wconf 75' lang='grc' dir='ltr'><em>ἄλλῃ</em></span> 
     </span>
     <span class='ocr_line' id='line_1_14' title="bbox 321 2105 1315 2201; baseline 0.003 -28"><span class='ocrx_word' id='word_1_66' title='bbox 321 2106 403 2173; x_wconf 70' lang='grc' dir='ltr'><em>πόλει</em></span> <span class='ocrx_word' id='word_1_67' title='bbox 424 2106 563 2198; x_wconf 60' lang='grc' dir='ltr'><em>ῥᾴδιόν</em></span> <span class='ocrx_word' id='word_1_68' title='bbox 582 2111 625 2182; x_wconf 78' lang='grc' dir='ltr'><em>ἕςι</em></span> <span class='ocrx_word' id='word_1_69' title='bbox 646 2116 745 2186; x_wconf 79' lang='grc' dir='ltr'><em>κακῶς</em></span> <span class='ocrx_word' id='word_1_70' title='bbox 764 2119 859 2175; x_wconf 75' lang='grc' dir='ltr'><em>ποιεῖν</em></span> <span class='ocrx_word' id='word_1_71' title='bbox 878 2107 1064 2195; x_wconf 76' lang='grc' dir='ltr'><em>ἀνθρώπους</em></span> <span class='ocrx_word' id='word_1_72' title='bbox 1083 2106 1105 2195; x_wconf 77' lang='grc' dir='ltr'><em>ἢ</em></span> <span class='ocrx_word' id='word_1_73' title='bbox 1124 2105 1172 2189; x_wconf 74' lang='grc' dir='ltr'><em>εὖ,</em></span> <span class='ocrx_word' id='word_1_74' title='bbox 1188 2113 1222 2176; x_wconf 75' lang='grc' dir='ltr'><em>ἐν</em></span> <span class='ocrx_word' id='word_1_75' title='bbox 1234 2115 1315 2201; x_wconf 76' lang='grc' dir='ltr'><em>τῇδε</em></span> 
     </span>
     <span class='ocr_line' id='line_1_15' title="bbox 321 2226 726 2316; baseline 0.007 -28"><span class='ocrx_word' id='word_1_76' title='bbox 321 2226 356 2290; x_wconf 82' lang='grc' dir='ltr'><em>δὲ</em></span> <span class='ocrx_word' id='word_1_77' title='bbox 376 2229 426 2291; x_wconf 79' lang='grc' dir='ltr'><em>καὶ</em></span> <span class='ocrx_word' id='word_1_78' title='bbox 445 2233 541 2304; x_wconf 83' lang='grc' dir='ltr'><em>πάνο,</em></span> <span class='ocrx_word' id='word_1_79' title='bbox 563 2232 620 2312; x_wconf 80' lang='lat' dir='ltr'>leg.</span> <span class='ocrx_word' id='word_1_80' title='bbox 642 2227 726 2316; x_wconf 76' lang='grc' dir='ltr'><em>ῥᾷον.</em></span> 
     </span>
     <span class='ocr_line' id='line_1_16' title="bbox 785 2349 843 2409; baseline 0.017 -1"><span class='ocrx_word' id='word_1_81' title='bbox 785 2349 843 2409; x_wconf 86' lang='lat' dir='ltr'>XL.</span> 
     </span>
     <span class='ocr_line' id='line_1_17' title="bbox 361 2459 1314 2547; baseline 0.004 -23"><span class='ocrx_word' id='word_1_82' title='bbox 361 2466 398 2524; x_wconf 90' lang='lat' dir='ltr'><em>In</em></span> <span class='ocrx_word' id='word_1_83' title='bbox 425 2463 581 2524; x_wconf 84' lang='lat' dir='ltr'><strong>Alcibiade</strong></span> <span class='ocrx_word' id='word_1_84' title='bbox 608 2465 633 2523; x_wconf 94' lang='grc' dir='ltr'><em>Ι.</em></span> <span class='ocrx_word' id='word_1_85' title='bbox 661 2487 690 2547; x_wconf 91' lang='lat' dir='ltr'><em>p.</em></span> <span class='ocrx_word' id='word_1_86' title='bbox 714 2464 783 2525; x_wconf 78' lang='lat'>104.</span> <span class='ocrx_word' id='word_1_87' title='bbox 804 2486 830 2524; x_wconf 88' lang='lat' dir='ltr'>e.</span> <span class='ocrx_word' id='word_1_88' title='bbox 872 2459 910 2525; x_wconf 83' lang='grc' dir='ltr'><em>οά</em></span> <span class='ocrx_word' id='word_1_89' title='bbox 929 2461 991 2545; x_wconf 85' lang='grc' dir='ltr'><em>γάρ</em></span> <span class='ocrx_word' id='word_1_90' title='bbox 1011 2488 1056 2528; x_wconf 89' lang='grc' dir='ltr'><em>τοι</em></span> <span class='ocrx_word' id='word_1_91' title='bbox 1077 2461 1123 2545; x_wconf 80' lang='grc' dir='ltr'><em>ἀίγ</em></span> <span class='ocrx_word' id='word_1_92' title='bbox 1145 2462 1314 2544; x_wconf 77' lang='grc' dir='ltr'><em>θαυμαςάν</em></span> 
     </span>
    </p>
   </div>
   <div class='ocr_carea' id='block_1_3' title="bbox 271 2567 1312 2678">
    <p class='ocr_par' dir='ltr' id='par_1_3' title="bbox 271 2567 1312 2678">
     <span class='ocr_line' id='line_1_18' title="bbox 271 2567 1312 2678; baseline 0.002 -36"><span class='ocrx_word' id='word_1_93' title='bbox 271 2669 276 2678; x_wconf 43' lang='lat'>,</span> <span class='ocrx_word' id='word_1_94' title='bbox 319 2580 344 2642; x_wconf 77' lang='lat' dir='ltr'><em>si</em></span> <span class='ocrx_word' id='word_1_95' title='bbox 369 2567 469 2660; x_wconf 70' lang='grc' dir='ltr'><em>ὥσπερ</em></span> <span class='ocrx_word' id='word_1_96' title='bbox 494 2579 544 2643; x_wconf 81' lang='grc' dir='ltr'><em>καὶ</em></span> <span class='ocrx_word' id='word_1_97' title='bbox 568 2573 653 2663; x_wconf 87' lang='grc' dir='ltr'><em>μόγις</em></span> <span class='ocrx_word' id='word_1_98' title='bbox 679 2577 816 2664; x_wconf 71' lang='grc' dir='ltr'><em>ἠρξάμην</em></span> <span class='ocrx_word' id='word_1_99' title='bbox 839 2572 919 2644; x_wconf 71' lang='grc' dir='ltr'><em>οὕτω</em></span> <span class='ocrx_word' id='word_1_100' title='bbox 939 2577 1024 2663; x_wconf 86' lang='grc' dir='ltr'><em>μόγις</em></span> <span class='ocrx_word' id='word_1_101' title='bbox 1045 2583 1094 2646; x_wconf 77' lang='grc' dir='ltr'><em>καὶ</em></span> <span class='ocrx_word' id='word_1_102' title='bbox 1114 2582 1295 2666; x_wconf 70' lang='grc' dir='ltr'><em>παυσαίμην</em></span> <span class='ocrx_word' id='word_1_103' title='bbox 1301 2633 1312 2661; x_wconf 82' lang='grc'><strong><em>,</em></strong></span> 
     </span>
    </p>
   </div>
   <div class='ocr_carea' id='block_1_4' title="bbox 315 2690 1409 3963">
    <p class='ocr_par' dir='ltr' id='par_1_4' title="bbox 319 2690 1231 2880">
     <span class='ocr_line' id='line_1_19' title="bbox 319 2690 1231 2784; baseline 0.001 -23"><span class='ocrx_word' id='word_1_104' title='bbox 319 2703 375 2784; x_wconf 76' lang='lat' dir='ltr'>leg.</span> <span class='ocrx_word' id='word_1_105' title='bbox 397 2697 435 2762; x_wconf 81' lang='grc' dir='ltr'><em>ου’</em></span> <span class='ocrx_word' id='word_1_106' title='bbox 454 2695 511 2780; x_wconf 86' lang='grc' dir='ltr'><em>γάρ</em></span> <span class='ocrx_word' id='word_1_107' title='bbox 530 2724 558 2762; x_wconf 87' lang='grc' dir='ltr'><em>τι</em></span> <span class='ocrx_word' id='word_1_108' title='bbox 579 2739 619 2749; x_wconf 94' lang='grc'><strong>-</strong></span> <span class='ocrx_word' id='word_1_109' title='bbox 641 2690 740 2781; x_wconf 73' lang='grc' dir='ltr'><em>ὥσπερ</em></span> <span class='ocrx_word' id='word_1_110' title='bbox 759 2693 846 2778; x_wconf 84' lang='grc' dir='ltr'><em>μόλις</em></span> <span class='ocrx_word' id='word_1_111' title='bbox 867 2693 1005 2783; x_wconf 76' lang='grc' dir='ltr'><em>ἠρξάμην</em></span> <span class='ocrx_word' id='word_1_112' title='bbox 1018 2738 1034 2748; x_wconf 95' lang='grc'><strong>-</strong></span> <span class='ocrx_word' id='word_1_113' title='bbox 1051 2698 1231 2783; x_wconf 79' lang='grc' dir='ltr'><em>παυσοόμην.</em></span> 
     </span>
     <span class='ocr_line' id='line_1_20' title="bbox 775 2821 849 2880; baseline 0.014 -1"><span class='ocrx_word' id='word_1_114' title='bbox 775 2821 849 2880; x_wconf 85' lang='lat' dir='ltr'>XLI.</span> 
     </span>
    </p>

    <p class='ocr_par' dir='ltr' id='par_1_5' title="bbox 318 2933 1314 3130">
     <span class='ocr_line' id='line_1_21' title="bbox 359 2933 1314 3022; baseline 0.001 -23"><span class='ocrx_word' id='word_1_115' title='bbox 359 2939 438 2999; x_wconf 75' lang='lat' dir='ltr'>lhid.</span> <span class='ocrx_word' id='word_1_116' title='bbox 465 2962 494 3022; x_wconf 92' lang='lat' dir='ltr'><em>p.</em></span> <span class='ocrx_word' id='word_1_117' title='bbox 519 2940 586 3001; x_wconf 92' lang='grc'><strong>129.</strong></span> <span class='ocrx_word' id='word_1_118' title='bbox 609 2963 635 2999; x_wconf 82' lang='grc' dir='ltr'><em>ο.</em></span> <span class='ocrx_word' id='word_1_119' title='bbox 679 2935 697 2999; x_wconf 88' lang='grc' dir='ltr'><em>ό</em></span> <span class='ocrx_word' id='word_1_120' title='bbox 722 2939 812 3002; x_wconf 77' lang='grc' dir='ltr'><em>τοῦτο</em></span> <span class='ocrx_word' id='word_1_121' title='bbox 838 2934 964 3010; x_wconf 74' lang='grc' dir='ltr'><em>ἀναθεὶς</em></span> <span class='ocrx_word' id='word_1_122' title='bbox 990 2936 1031 3011; x_wconf 76' lang='grc' dir='ltr'><em>εἰς</em></span> <span class='ocrx_word' id='word_1_123' title='bbox 1056 2933 1109 3001; x_wconf 82' lang='grc' dir='ltr'><em>τάν</em></span> <span class='ocrx_word' id='word_1_124' title='bbox 1132 2937 1167 3002; x_wconf 76' lang='grc' dir='ltr'><em>ἐν</em></span> <span class='ocrx_word' id='word_1_125' title='bbox 1196 2939 1314 3000; x_wconf 74' lang='grc' dir='ltr'><em>Πυθοῖ</em></span> 
     </span>
     <span class='ocr_line' id='line_1_22' title="bbox 318 3050 555 3130; baseline 0 -13"><span class='ocrx_word' id='word_1_126' title='bbox 318 3050 406 3130; x_wconf 79' lang='grc' dir='ltr'><em>ναόν,</em></span> <span class='ocrx_word' id='word_1_127' title='bbox 427 3057 492 3118; x_wconf 83' lang='lat' dir='ltr'>dele</span> <span class='ocrx_word' id='word_1_128' title='bbox 513 3055 555 3118; x_wconf 78' lang='grc' dir='ltr'><em>ἓν.</em></span> 
     </span>
    </p>

    <p class='ocr_par' dir='ltr' id='par_1_6' title="bbox 764 3175 854 3234">
     <span class='ocr_line' id='line_1_23' title="bbox 764 3175 854 3234; baseline -0.011 0"><span class='ocrx_word' id='word_1_129' title='bbox 764 3175 854 3234; x_wconf 82' lang='lat' dir='ltr'>XLII.</span> 
     </span>
    </p>

    <p class='ocr_par' dir='ltr' id='par_1_7' title="bbox 316 3281 1409 3604">
     <span class='ocr_line' id='line_1_24' title="bbox 359 3281 1409 3376; baseline 0.002 -24"><span class='ocrx_word' id='word_1_130' title='bbox 359 3294 397 3352; x_wconf 86' lang='lat' dir='ltr'><em>In</em></span> <span class='ocrx_word' id='word_1_131' title='bbox 423 3293 557 3353; x_wconf 86' lang='lat' dir='ltr'><strong>Platonis</strong></span> <span class='ocrx_word' id='word_1_132' title='bbox 584 3291 742 3353; x_wconf 81' lang='lat' dir='ltr'>Charmide</span> <span class='ocrx_word' id='word_1_133' title='bbox 763 3315 793 3376; x_wconf 92' lang='lat' dir='ltr'><em>p.</em></span> <span class='ocrx_word' id='word_1_134' title='bbox 818 3292 886 3352; x_wconf 85' lang='lat'>153.</span> <span class='ocrx_word' id='word_1_135' title='bbox 908 3313 935 3352; x_wconf 80' lang='grc' dir='ltr'><em>ο.</em></span> <span class='ocrx_word' id='word_1_136' title='bbox 979 3281 1043 3352; x_wconf 83' lang='grc' dir='ltr'><em>οἷον</em></span> <span class='ocrx_word' id='word_1_137' title='bbox 1064 3288 1099 3354; x_wconf 73' lang='grc' dir='ltr'><em>δὲ</em></span> <span class='ocrx_word' id='word_1_138' title='bbox 1119 3286 1172 3354; x_wconf 69' lang='lat' dir='ltr'><em>ciui</em></span> <span class='ocrx_word' id='word_1_139' title='bbox 1191 3285 1307 3374; x_wconf 81' lang='grc' dir='ltr'><em>χρόνου</em></span> <span class='ocrx_word' id='word_1_140' title='bbox 1405 3303 1409 3308; x_wconf 89' lang='grc'><strong>’</strong></span> 
     </span>
     <span class='ocr_line' id='line_1_25' title="bbox 316 3400 1306 3496; baseline 0.002 -26"><span class='ocrx_word' id='word_1_141' title='bbox 316 3404 479 3490; x_wconf 73' lang='grc' dir='ltr'><em>ἀφιγμένος</em></span> <span class='ocrx_word' id='word_1_142' title='bbox 499 3403 639 3488; x_wconf 66' lang='grc' dir='ltr'><em>ἀσμένως</em></span> <span class='ocrx_word' id='word_1_143' title='bbox 656 3400 703 3496; x_wconf 74' lang='grc' dir='ltr'><em>ᾖα</em></span> <span class='ocrx_word' id='word_1_144' title='bbox 722 3407 774 3472; x_wconf 75' lang='grc' dir='ltr'><em>ἐπὶ</em></span> <span class='ocrx_word' id='word_1_145' title='bbox 793 3404 848 3482; x_wconf 82' lang='grc' dir='ltr'><em>τάς</em></span> <span class='ocrx_word' id='word_1_146' title='bbox 868 3401 1011 3490; x_wconf 74' lang='grc' dir='ltr'><em>συνήθεις</em></span> <span class='ocrx_word' id='word_1_147' title='bbox 1030 3403 1199 3492; x_wconf 76' lang='grc' dir='ltr'><em>διατριβάς,</em></span> <span class='ocrx_word' id='word_1_148' title='bbox 1226 3412 1306 3472; x_wconf 76' lang='grc' dir='ltr'><strong>11ιί-</strong></span> 
     </span>
     <span class='ocr_line' id='line_1_26' title="bbox 317 3527 1006 3604; baseline 0.003 -18"><span class='ocrx_word' id='word_1_149' title='bbox 317 3550 386 3588; x_wconf 86' lang='lat' dir='ltr'><em>cum</em></span> <span class='ocrx_word' id='word_1_150' title='bbox 407 3539 450 3588; x_wconf 84' lang='lat' dir='ltr'><em>est</em></span> <span class='ocrx_word' id='word_1_151' title='bbox 470 3530 596 3604; x_wconf 79' lang='grc' dir='ltr'><em>ἄσμενος</em></span> <span class='ocrx_word' id='word_1_152' title='bbox 616 3538 646 3586; x_wconf 88' lang='lat' dir='ltr'><em>et</em></span> <span class='ocrx_word' id='word_1_153' title='bbox 667 3527 786 3587; x_wconf 83' lang='lat' dir='ltr'><strong>Platoni</strong></span> <span class='ocrx_word' id='word_1_154' title='bbox 808 3527 1006 3588; x_wconf 88' lang='lat' dir='ltr'>reddendum.</span> 
     </span>
    </p>

    <p class='ocr_par' dir='ltr' id='par_1_8' title="bbox 756 3645 862 3704">
     <span class='ocr_line' id='line_1_27' title="bbox 756 3645 862 3704; baseline -0.019 0"><span class='ocrx_word' id='word_1_155' title='bbox 756 3645 862 3704; x_wconf 84' lang='lat' dir='ltr'>XLIII.</span> 
     </span>
    </p>

    <p class='ocr_par' dir='ltr' id='par_1_9' title="bbox 358 3753 1307 3846">
     <span class='ocr_line' id='line_1_28' title="bbox 358 3753 1307 3846; baseline 0.009 -24"><span class='ocrx_word' id='word_1_156' title='bbox 358 3761 436 3822; x_wconf 88' lang='lat' dir='ltr'>lhid.</span> <span class='ocrx_word' id='word_1_157' title='bbox 458 3785 487 3844; x_wconf 93' lang='lat' dir='ltr'>p.</span> <span class='ocrx_word' id='word_1_158' title='bbox 512 3761 579 3822; x_wconf 89' lang='lat'>156.</span> <span class='ocrx_word' id='word_1_159' title='bbox 601 3761 630 3822; x_wconf 83' lang='lat' dir='ltr'>d.</span> <span class='ocrx_word' id='word_1_160' title='bbox 673 3753 794 3839; x_wconf 77' lang='grc' dir='ltr'><em>ἔμαθον</em></span> <span class='ocrx_word' id='word_1_161' title='bbox 821 3756 849 3821; x_wconf 78' lang='grc' dir='ltr'><em>δ’</em></span> <span class='ocrx_word' id='word_1_162' title='bbox 869 3755 966 3844; x_wconf 78' lang='grc' dir='ltr'><em>ον’τήν</em></span> <span class='ocrx_word' id='word_1_163' title='bbox 992 3755 1053 3842; x_wconf 76' lang='grc' dir='ltr'><em>ἕγά</em></span> <span class='ocrx_word' id='word_1_164' title='bbox 1077 3761 1142 3824; x_wconf 78' lang='grc' dir='ltr'><em>ἐκεῖ</em></span> <span class='ocrx_word' id='word_1_165' title='bbox 1159 3760 1210 3826; x_wconf 80' lang='grc' dir='ltr'><em>ἐπὶ</em></span> <span class='ocrx_word' id='word_1_166' title='bbox 1229 3779 1307 3846; x_wconf 64' lang='grc' dir='ltr'><em>ςφα-</em></span> 
     </span>
    </p>

    <p class='ocr_par' dir='ltr' id='par_1_10' title="bbox 315 3875 1305 3963">
     <span class='ocr_line' id='line_1_29' title="bbox 315 3875 1305 3963; baseline -0.002 -20"><span class='ocrx_word' id='word_1_167' title='bbox 315 3877 393 3952; x_wconf 78' lang='grc' dir='ltr'><em>τείος</em></span> <span class='ocrx_word' id='word_1_168' title='bbox 416 3879 607 3942; x_wconf 78' lang='lat' dir='ltr'><strong>Athenienses</strong></span> <span class='ocrx_word' id='word_1_169' title='bbox 633 3879 774 3941; x_wconf 78' lang='lat' dir='ltr'><strong>dicebant</strong></span> <span class='ocrx_word' id='word_1_170' title='bbox 799 3875 850 3942; x_wconf 75' lang='grc' dir='ltr'><em>ἐπὶ</em></span> <span class='ocrx_word' id='word_1_171' title='bbox 872 3880 994 3962; x_wconf 84' lang='grc' dir='ltr'><em>ςρατιᾶς</em></span> <span class='ocrx_word' id='word_1_172' title='bbox 1014 3881 1107 3963; x_wconf 86' lang='lat' dir='ltr'><strong>idque</strong></span> <span class='ocrx_word' id='word_1_173' title='bbox 1128 3881 1212 3940; x_wconf 80' lang='lat' dir='ltr'>Plato</span> <span class='ocrx_word' id='word_1_174' title='bbox 1232 3883 1305 3941; x_wconf 78' lang='lat' dir='ltr'><strong>scri-</strong></span> 
     </span>
    </p>
   </div>
   <div class='ocr_carea' id='block_1_5' title="bbox 316 3999 1302 4199">
    <p class='ocr_par' dir='ltr' id='par_1_11' title="bbox 316 3999 1302 4199">
     <span class='ocr_line' id='line_1_30' title="bbox 316 3999 1302 4083; baseline -0.001 -23"><span class='ocrx_word' id='word_1_175' title='bbox 316 4001 384 4083; x_wconf 87' lang='lat' dir='ltr'>psit.</span> <span class='ocrx_word' id='word_1_176' title='bbox 406 4000 514 4060; x_wconf 74' lang='lat' dir='ltr'>Eadem</span> <span class='ocrx_word' id='word_1_177' title='bbox 532 3999 679 4060; x_wconf 78' lang='lat' dir='ltr'><strong>medicina</strong></span> <span class='ocrx_word' id='word_1_178' title='bbox 695 3999 847 4060; x_wconf 78' lang='lat' dir='ltr'><strong>sanandus</strong></span> <span class='ocrx_word' id='word_1_179' title='bbox 859 3999 944 4060; x_wconf 80' lang='lat' dir='ltr'><strong>loeus</strong></span> <span class='ocrx_word' id='word_1_180' title='bbox 959 4000 991 4058; x_wconf 87' lang='lat' dir='ltr'><em>in</em></span> <span class='ocrx_word' id='word_1_181' title='bbox 1004 4001 1140 4081; x_wconf 85' lang='lat' dir='ltr'>Sympos.</span> <span class='ocrx_word' id='word_1_182' title='bbox 1151 4021 1179 4082; x_wconf 91' lang='lat' dir='ltr'>p.</span> <span class='ocrx_word' id='word_1_183' title='bbox 1190 3999 1259 4060; x_wconf 88' lang='grc'><strong>220.</strong></span> <span class='ocrx_word' id='word_1_184' title='bbox 1275 4025 1302 4060; x_wconf 85' lang='lat' dir='ltr'>c.</span> 
     </span>
     <span class='ocr_line' id='line_1_31' title="bbox 316 4117 1116 4199; baseline 0 -23"><span class='ocrx_word' id='word_1_185' title='bbox 316 4119 358 4178; x_wconf 80' lang='lat' dir='ltr'>GI&#39;.</span> <span class='ocrx_word' id='word_1_186' title='bbox 377 4117 528 4199; x_wconf 79' lang='lat' dir='ltr'>ArIstoph.</span> <span class='ocrx_word' id='word_1_187' title='bbox 552 4119 636 4198; x_wconf 84' lang='lat' dir='ltr'>Vesp.</span> <span class='ocrx_word' id='word_1_188' title='bbox 656 4117 726 4177; x_wconf 84' lang='lat'>354.</span> <span class='ocrx_word' id='word_1_189' title='bbox 747 4128 775 4176; x_wconf 87' lang='lat' dir='ltr'><em>et</em></span> <span class='ocrx_word' id='word_1_190' title='bbox 797 4117 866 4178; x_wconf 84' lang='lat'>557.</span> <span class='ocrx_word' id='word_1_191' title='bbox 906 4118 1028 4198; x_wconf 79' lang='lat' dir='ltr'><em>Lysistr.</em></span> <span class='ocrx_word' id='word_1_192' title='bbox 1050 4117 1116 4178; x_wconf 90' lang='lat'>100.</span> 
     </span>
    </p>
   </div>
   <div class='ocr_carea' id='block_1_6' title="bbox 0 0 1516 5080">
    <p class='ocr_par' dir='ltr' id='par_1_12' title="bbox 0 0 1516 5080">
     <span class='ocr_line' id='line_1_32' title="bbox 0 0 1516 5080; baseline 0 4"><span class='ocrx_word' id='word_1_193' title='bbox 0 0 1516 5080; x_wconf 95' lang='lat' dir='ltr'><em> </em></span> 
     </span>
    </p>
   </div>
  </div>
 </body>
</html>
