3022 5080
619 537 793 602 ..37-

682 644 695 678 ι

259 717 307 780 17.
349 717 400 780 καὶ
426 711 504 781 κατα
529 709 667 800 σπονδήν
692 714 860 801 ὁἎρατος
878 709 1081 801 ὑπερβιβάσας
1100 717 1205 786 ἕκατὸν

216 833 342 916 ἄνδρας,
363 828 434 907 τούς
453 829 483 894 δ’
501 835 611 908 ἄλλους
630 829 762 896 ἕπεσθαι
781 836 922 908 κελεύσας
942 830 984 908 οἷς
1003 839 1040 896 ἂν
1055 829 1205 898 δύνωνται

215 945 364 1028 τάχιστα,
388 935 443 1023 ude
461 946 607 1029 κλίμακας
627 946 781 1032 α’ναρπα’
785 970 854 1025 σας
874 939 980 1034 ἔχω’ρει
1000 946 1054 1014 aad
1072 953 1127 1035 τῆς
1146 945 1204 1016 πό-

216 1067 291 1138 λεως
309 1060 387 1137 μεῐαὶ
406 1067 468 1129 ταῖν
486 1062 594 1129 ἑκατόν
613 1065 665 1130 ἐπὶ
684 1062 741 1149 τήν
759 1071 861 1148 ἄκραν.

217 1205 221 1212 ·
257 1183 330 1260 Quis
351 1183 424 1245 haec
445 1183 574 1245 absurda
594 1185 770 1267 intelligat?
812 1186 906 1247 Locus
931 1186 1101 1270 corruptela
1120 1187 1203 1250 labo·

216 1313 272 1362 rat.
312 1302 370 1377 Qui
388 1302 461 1362 dum
479 1301 562 1361 enim
579 1303 687 1363 Aratus
704 1304 820 1386 potuit,
834 1306 966 1388 trajectis
979 1317 1103 1368 centum
1116 1306 1202 1383 viris,

218 1430 326 1481 ceteros
343 1418 458 1482 hortari
480 1432 514 1480 ut
531 1432 737 1504 sequerentur,
760 1443 856 1505 quum
876 1429 961 1481 scalis
980 1444 1092 1484 sursum
1114 1431 1203 1502 ruptis

218 1558 288 1597 cum
314 1537 378 1598 illis
407 1547 529 1599 centum
556 1539 628 1598 viris
654 1539 833 1621 procederet.
874 1539 930 1600 Sed
957 1541 1027 1600 loco
1053 1550 1088 1600 ut
1112 1561 1203 1602 sanus

217 1654 339 1727 evadat,
354 1653 538 1714 medicinam
556 1654 701 1715 suciamus
716 1655 872 1716 inserenda
886 1656 965 1716 inter
977 1676 1059 1717 voco.
1073 1651 1205 1736 τάχιστα

217 1782 247 1834 et
268 1766 324 1844 τοῖς
342 1771 492 1855 particula
513 1768 580 1846 καὶ,
606 1794 684 1854 quae
711 1774 818 1834 omissa
841 1772 964 1834 fortasse
990 1795 1094 1834 ansam
1119 1775 1205 1836 dedit

219 1888 404 1971 corruptelae
423 1880 600 1967 α’ναρπιίσας
619 1910 675 1974 pro
696 1911 758 1972 quo
779 1891 939 1973 participio
960 1890 1079 1972 legatur
1095 1891 1204 1954 Infini-

218 2007 295 2066 tivus
323 1995 507 2087 drupno'our.
555 2005 726 2066 scribamus
750 2008 859 2089 igitur,
887 2007 1074 2090 transpositis
1102 2028 1205 2068 secun-

218 2123 293 2184 dum
312 2123 464 2205 vulgatam
481 2123 504 2184 l.
524 2121 620 2184 verbis
640 2117 770 2184 ἕπεσθαι
790 2114 945 2196 κελεύσας,
964 2116 1036 2196 τούς
1053 2117 1082 2184 δ’
1096 2125 1206 2196 ἄλλους

217 2234 356 2314 κελεύσας
374 2236 505 2304 ἕπεσθαι
525 2236 568 2313 ως
586 2233 626 2300 ἄν
645 2232 794 2302 δύνωνται
813 2231 943 2319 τάχιστα
963 2238 1013 2300 καὶ
1030 2234 1084 2314 τας
1102 2237 1205 2320 κλίμα-

218 2380 271 2432 κας
290 2351 480 2441 ἀναρπάσαι,
500 2353 607 2442 ἔχω’ρει
626 2354 687 2422 xri.

259 2622 309 2682 21.
350 2616 421 2681 Καί
443 2638 507 2691 πως
530 2611 574 2680 ἔτι
598 2610 758 2699 πρόσωθεν
785 2611 887 2690 adroic
907 2611 1027 2699 α’πήνπα
1047 2611 1103 2679 orio
1123 2615 1204 2698 φωτὶ

218 2731 341 2821 φυλακῇ
359 2725 512 2816 τεσσάρων
532 2729 652 2815 ἀνδρῶν
672 2729 709 2795 ον’
728 2727 962 2815 καθορωμένοις·
982 2727 1037 2813 [ἔτι
1053 2731 1110 2814 γάρ
1124 2722 1204 2814 ἦσαν

217 2854 251 2918 ἒν
269 2855 314 2941 τῷ
333 2847 518 2937 σκιαζομένῳ
538 2851 592 2934 τῆς
611 2842 760 2932 σελήνης]
779 2846 905 2922 ἐκείνους
925 2845 961 2910 δὲ
980 2843 1151 2931 προςιόντας
1170 2848 1204 2929 ἔξ

217 2971 352 3048 ἐναντίας
370 2974 535 3056 καθορῶσι.

259 3098 341 3170 Quae
356 3093 441 3153 uncis
455 3091 564 3151 inclusi
575 3089 802 3171 Interpolatoris
817 3111 942 3150 manum
957 3103 1100 3172 arguunt.
1118 3092 1201 3151 Pror-

218 3233 267 3272 sus
288 3211 369 3270 enim
391 3207 566 3278 abundant,
591 3209 667 3289 quia
694 3207 784 3266 modo
806 3208 873 3288 jam
898 3208 1026 3288 legimus
1051 3199 1202 3285 ἀνέδραμε

218 3322 297 3410 νέφη
325 3322 375 3386 καὶ
395 3318 521 3403 κατέσχε
541 3315 598 3405 τήν
619 3344 650 3385 τε
669 3316 755 3384 πόλιν
775 3315 870 3402 αὖτήν
890 3318 941 3382 καὶ
960 3315 1013 3383 τόν
1032 3314 1090 3396 ἔξω
1110 3314 1205 3384 τόπον

218 3440 351 3508 ἐπίσκιον
362 3435 525 3525 γενόμενον.
551 3441 628 3518 Quid
643 3435 761 3523 quod-ri
774 3432 898 3521 φυλακή
907 3432 963 3500 σον
972 3437 1052 3521 φωτὶ
1061 3433 1201 3523 suinae

217 3566 293 3628 'ium
318 3562 386 3622 vide
408 3573 443 3622 ut
469 3560 652 3620 constructio
678 3569 708 3619 et
732 3559 923 3621 concinnitas
949 3559 1157 3641 pessumdetur
1177 3564 1201 3622 si

218 3684 275 3742 ista
303 3680 432 3762 accipias
459 3678 610 3758 genuina3
642 3675 800 3757 καθορῶσι
826 3677 908 3736 enim
935 3677 1085 3758 Interprcs
1114 3680 1202 3740 rertit

218 3797 442 3876 conspiciebant,
463 3805 492 3854 et
513 3795 646 3877 proiecto
666 3791 834 3874 posthanc
854 3791 1046 3873 parenthesin
1062 3795 1202 3875 estquod

217 3915 429 3998 Imperfectum
449 3909 649 3994 redempcione
662 3910 810 3992 requiras3
833 3929 935 3968 verum
948 3919 990 3968 est
1005 3911 1201 3994 participium

217 4032 399 4114 respondens
420 4041 499 4113 part.
521 4020 744 4109 καθορωμένοις
764 4027 1011 4111 referendumque
1031 4031 1069 4090 ad
1091 4052 1201 4112 prono-

219 4173 289 4214 men
310 4143 430 4222 αι’νεοῖς,
452 4169 468 4207 a
489 4167 551 4228 quo
572 4146 704 4206 nimium
725 4146 781 4206 ista
799 4146 1034 4228 interpolatione
1048 4147 1201 4210 divulsum
