3022 5080
747 559 923 622 ,ig-

340 749 459 831 pliciter
471 768 560 832 pron.
575 739 693 820 ου’τοῖς,
709 747 821 828 quippe
835 743 920 805 scioli
937 743 1191 818 additamentum,
1206 743 1329 824 ejicien-

338 866 413 926 dum
431 875 516 936 esset,
537 886 634 948 quum
660 864 699 924 ud
723 861 802 922 verb.
819 861 993 942 γειτνιῶσαν
1012 881 1064 943 per
1082 881 1112 919 se
1125 861 1192 941 jam
1212 859 1328 918 inretti-

338 995 444 1068 gutur,
464 984 537 1066 quia
556 981 709 1065 praeeedit
726 976 763 1041 'O
782 976 811 1040 δ’
827 981 977 1062 Ἀρατος,
993 977 1038 1064 τῷ
1056 968 1178 1062 Ἀράτῳ
1200 977 1247 1036 rel
1265 978 1330 1048 τοῖς

337 1095 488 1179 Ἀχαιοῖς.
529 1099 603 1160 Vide
624 1100 674 1159 vit.
698 1097 822 1159 Romuli
839 1117 907 1180 pag.
924 1096 981 1156 20.
1003 1097 1035 1156 Ε.
1064 1093 1098 1156 ἐν
1112 1097 1180 1166 ταῖς
1197 1091 1264 1174 περὶ
1281 1115 1327 1154 νο-

337 1210 400 1296 μάς
423 1213 474 1277 καὶ
495 1212 636 1298 κυνηγίας
659 1209 735 1296 πράς
755 1213 827 1286 τούς
848 1213 1035 1294 γειτνιῶντας
1057 1208 1227 1290 ἐπιμιξίας.
1267 1213 1328 1271 Vit.

338 1334 490 1393 Ciuerouis
503 1353 573 1416 pag.
586 1331 662 1404 870,
673 1333 705 1392 Β.
725 1325 743 1393 ὁ
760 1323 898 1412 Κινέριυν
899 1376 1005 1390 ......
1029 1325 1240 1411 προπεμφθεὶς
1253 1349 1328 1408 παρ·

338 1449 437 1530 ἢλθεν
455 1446 496 1522 εἰς
516 1444 612 1510 οἰκίαν
632 1445 722 1531 φίλου
742 1447 931 1529 γειτνιῶντος.

379 1681 409 1742 7.
451 1675 696 1755 Ὑπαιιοάσαντος
716 1678 751 1742 δὲ
770 1682 826 1744 τοῦ
846 1673 1074 1761 Ἀριστομάχου
1099 1679 1150 1740 καὶ
1170 1672 1330 1739 κελεύσαν-

338 1817 389 1868 τος
409 1793 494 1884 αιῖτῷ
513 1792 694 1880 πεντήκοντα
713 1789 847 1860 τάλαντα
867 1792 989 1876 πέμψαι
1009 1791 1061 1859 τάν
1075 1798 1227 1879 Ἀρατον,
1244 1787 1331 1868 ὅπως

339 1908 542 1999 ἀπαλλάξῃ
563 1912 613 1975 καὶ
633 1906 871 1998 διαλύσηται
891 1912 951 1978 uri.

380 2030 597 2113 Corrigendum
618 2021 700 2106 ὅπως
720 2024 885 2106 άπαλλάξει
904 2029 956 2094 καὶ
974 2023 1156 2094 διαλύσεται.
1190 2033 1328 2095 Confera-

339 2159 389 2208 tur
408 2148 476 2209 Not.
497 2149 534 2208 ad
557 2149 628 2232 Cap.
649 2150 725 2209 XIX.
749 2151 796 2210 15.

382 2386 430 2446 17.
472 2376 678 2457 Ἀντειπάντος
701 2380 759 2462 μὲν
784 2380 842 2467 γάρ
871 2381 967 2448 αὐτοῦ
991 2381 1030 2447 δι’
1052 2381 1144 2470 ὀργήν
1169 2384 1329 2468 ἀπήλασαν

338 2495 409 2574 τοιλς
435 2500 501 2584 περὶ
527 2496 580 2563 τάν
603 2493 838 2584 Ἀριστόμαχον·
866 2501 931 2565 ἐπεὶ
957 2499 992 2564 δὲ
1018 2502 1216 2582 συμπεισθεὶς
1235 2495 1328 2564 πάλιν

251 2609 254 2617 ’
338 2613 430 2692 αάτός
443 2620 554 2703 ἤρξατο
572 2618 639 2703 περὶ
660 2615 762 2684 αυίὤν
782 2617 976 2702 διαλέγεσθαι
996 2617 1134 2706 παρών,
1154 2627 1251 2686 πάντα
1271 2645 1328 2686 τα-

336 2735 419 2819 χέως
438 2737 488 2802 καὶ
508 2734 679 2823 προθύμοις
699 2735 891 2822 ἐψηφίσαντο
910 2735 970 2801 xri.

380 2859 564 2933 Schaeserus,
582 2854 622 2920 δι’
640 2853 749 2942 ὀργῆν,
775 2861 895 2943 inquit,
915 2862 1013 2942 junge
1036 2881 1106 2920 cum
1124 2857 1326 2943 sequentibus.

335 2979 396 3038 Nos
408 2997 477 3038 varo
491 2997 562 3038 cum
573 2975 818 3037 antecedentibus
829 2977 1033 3037 adseveramus
1039 2977 1237 3058 jungendum
1248 2998 1324 3053 esse;

337 3096 383 3154 ira
411 3095 494 3156 enim
521 3096 556 3155 in
582 3115 672 3156 causa
699 3106 762 3156 erat
789 3105 825 3155 ut
847 3095 1078 3173 contradiceret3
1101 3096 1219 3178 alioqui
1240 3117 1326 3156 suam

337 3235 401 3275 rem
419 3225 448 3275 et
461 3213 626 3275 utilitatem
640 3233 832 3274 communem
848 3233 915 3274 non
932 3212 1105 3274 deseruisset
1122 3235 1157 3274 ac
1174 3213 1326 3298 prodidis-

337 3345 389 3394 set.
413 3368 450 3379 -
472 3324 598 3416 παράνλ
638 3333 728 3407 Quasi
757 3353 826 3394 vero
851 3327 959 3392 Aratus
980 3345 1066 3404 ante,
1089 3353 1186 3418 quum
1207 3343 1324 3392 contra-

338 3450 433 3520 dixit,
458 3471 524 3509 non
546 3449 685 3509 adsuerit.
723 3449 941 3533 corrigendum
966 3461 1057 3532 put0,
1081 3472 1143 3510 una
1161 3451 1261 3510 littera
1278 3450 1325 3509 in·

336 3579 429 3645 serta,
447 3560 578 3650 παριῶν,
600 3566 684 3650 quod
702 3569 888 3649 aptissimum
905 3566 1053 3629 hocloco.
1088 3568 1222 3627 Oratores
1242 3567 1325 3628 enim

337 3689 385 3749 vel
414 3689 623 3771 magistratus,
652 3688 706 3770 qui
732 3687 882 3770 prodeunt
910 3686 1150 3759 addicendum,
1180 3687 1326 3747 dicuntur

336 3802 482 3884 παριέναι.
533 3805 679 3888 Exempla
719 3805 864 3865 accedant
901 3803 1059 3864 manifesta
1098 3806 1152 3866 vit.
1190 3804 1325 3887 Pompeji

336 3942 406 4004 pag.
427 3921 502 3994 648,
515 3923 547 3982 B.
581 3917 657 4002 ὑπὲρ
678 3917 714 3982 δὲ
734 3916 900 4002 Πομπηΐου
920 3918 1026 3982 πολλοὶ
1048 3921 1109 3984 ταῖν
1132 3915 1230 4002 φίλων
1250 3916 1325 3984 άπε-

304 4071 307 4075 ·
336 4037 478 4117 λυγοῦντο
491 4029 654 4120 παριόντες.
673 4041 725 4100 vit.
742 4039 848 4098 Pericl.
867 4061 935 4121 pag.
954 4041 1021 4111 155,
1037 4040 1066 4100 F.
1099 4034 1155 4120 ουἰι
1170 4036 1221 4101 ἐπὶ
1235 4037 1326 4101 παντὶ

334 4147 489 4239 πράγματι
509 4148 619 4234 λέγων,
640 4149 705 4217 uv'd‘
726 4149 773 4216 αέὶ
791 4152 908 4239 παριών
927 4155 968 4230 εἷς
988 4150 1023 4218 τό
1043 4157 1173 4238 πλῆθος.
