3022 5080
603 511 776 570 ..15-

590 741 697 802 CXP.
742 741 793 800 IX.

242 932 268 990 1.
315 925 393 994 Τότε
421 927 458 992 δὲ
487 924 698 1004 πιστεύσαντες
727 916 807 1011 ἥκειν
834 923 856 990 ό
882 926 977 992 πάλαι
1002 923 1185 1012 προςεδόκωε

201 1036 348 1128 ὥρμησαν
365 1041 475 1131 α’θρόοι
497 1045 571 1131 πρός
590 1043 646 1121 τάς
672 1039 774 1130 θόρας
791 1048 848 1110 τοῦ
870 1039 1016 1130 τυράννου
1038 1047 1099 1124 πῦρ
1113 1045 1186 1108 ’ἐπι-

199 1159 344 1246 φέροντες.

240 1282 297 1342 Pro
320 1274 397 1344 Τότε
414 1277 449 1342 δὲ
464 1283 680 1344 restituendum
700 1283 818 1343 videtur
836 1306 873 1344 ex
890 1283 1008 1344 duobus
1026 1282 1185 1344 Codicibus

203 1391 280 1458 Τότε
301 1393 343 1479 δὴ
362 1401 382 1458 i.
399 1420 423 1459 e.
466 1403 540 1459 Tum
563 1422 641 1460 vero.
683 1401 857 1460 Conferatur
877 1402 957 1460 insta
976 1401 1046 1483 Cap.
1068 1402 1184 1472 XXXV,

201 1515 279 1574 med.
293 1517 397 1577 Ἔνθα
415 1511 455 1599 δὴ
472 1530 502 1578 et
519 1519 701 1599 Hoogeveen.
726 1511 763 1580 de
782 1519 875 1578 Partt.
897 1519 946 1578 Gr.
962 1519 1033 1600 Pag.
1048 1517 1119 1589 294,
1133 1517 1163 1578 8.

237 1727 270 1810 Ι3.
304 1751 415 1833 Ἦρθη
436 1745 471 1810 δὲ
498 1746 576 1832 φλόξ
601 1745 718 1835 μεγάλη
744 1750 794 1814 καί
814 1748 990 1834 καταφανής
1010 1747 1102 1832 μέχρι
1120 1753 1187 1814 Κο-

200 1863 309 1948 ρίνθου
339 1869 394 1950 τῆς
420 1865 515 1941 οἰκίας
537 1864 744 1950 ἀναφθείσης,
768 1859 846 1932 ὥστε
871 1865 1095 1947 θαυμάσαντας
1117 1863 1188 1941 τοδς

200 1985 234 2047 ἒν
253 1981 401 2070 Κορίνθῳ
420 1983 506 2066 παρά
524 1979 629 2066 μικρόν
648 1983 781 2067 ὁρμῆσαι
801 1979 875 2064 πρός
894 1979 963 2064 τὴν
982 1976 1138 2064 βοήθειαν.

242 2103 367 2184 Nempe:
390 2103 462 2174 άςτε
486 2138 528 2147 -
552 2097 638 2184 παρά
657 2094 764 2183 μικρόν
783 2096 960 2182 ὁρμηθῆναι
980 2101 1122 2181 βοηθεῖν,
1146 2109 1188 2160 ita

202 2235 234 2277 ut
260 2242 315 2277 ποα
340 2225 461 2278 multum
490 2217 631 2296 abfuerit,
662 2229 731 2296 quin
757 2229 904 2296 suppetias
927 2222 1185 2294 pmficiscerentur.
1231 2190 1237 2204 Ι

200 2336 337 2396 Deleatur
354 2337 446 2418 igitur
460 2338 514 2396 iste
528 2335 673 2396 articulus
693 2329 757 2415 την.
800 2335 975 2396 conferatur
990 2337 1048 2394 Vit.
1067 2335 1187 2403 Camill,

201 2454 273 2535 Peg.
297 2453 366 2530 147,
384 2455 416 2516 E.
459 2443 531 2528 ιδ’ςτε
551 2447 632 2534 μηδὲ
651 2447 726 2536 πρός
744 2449 846 2535 φυγὴν
864 2448 995 2533 ὁρμῆσαι
1016 2443 1155 2524 πολλοός.

245 2688 292 2748 13.
335 2679 497 2767 Κατήγαγε
524 2681 560 2747 δὲ
587 2679 727 2767 φυγάδας
746 2680 817 2759 τοδς
830 2682 888 2764 μὲν
910 2682 986 2748 όπό
1007 2681 1190 2758 Νικοκλέους

202 2796 428 2875 ἐκπεπτωκότας
456 2793 656 2884 ὀγδοήκοντα,
689 2796 759 2876 τοδς
791 2797 821 2862 δ’
846 2800 898 2864 ἐπὶ
924 2804 988 2865 τῶν
1014 2797 1189 2885 ἔμπροσθεν

201 2913 356 3002 τυράννων
370 2915 424 2981 ουκ
439 2913 581 2993 ἐλάττους
593 2917 804 2996 πεντακοσίων,
818 2910 862 2994 οἷς
874 2914 978 3005 μακρά
986 2916 1044 3000 μὲν
1055 2918 1078 3003 η’
1091 2911 1189 3003 πλάνη

202 3035 252 3098 καί
278 3033 358 3114 όμοῦ
385 3060 414 3099 τι
442 3031 692 3120 πεντακονταετης
720 3031 869 3122 ἐγεγόνει,
888 3033 1082 3112 κατελθόντες
1106 3035 1134 3100 δ’
1161 3035 1190 3100 οἱ

202 3159 335 3218 πλεῖστοι
353 3151 493 3238 πένητες,
512 3146 556 3220 ὦν
575 3149 669 3238 κόρεσι
689 3149 831 3239 πρότερον
851 3148 947 3238 ἦσαν,
966 3155 1190 3235 ἐπελαμβάνον-

203 3292 248 3334 το·
279 3271 329 3335 καὶ
348 3269 575 3350 βαδίζοντες
592 3271 654 3334 ἐπὶ
674 3267 719 3334 τά
738 3270 862 3354 χωρία
888 3271 952 3332 καὶ
977 3267 1047 3345 τοῖς
1067 3271 1191 3347 οἰκίας

203 3387 303 3472 δεινήν
323 3385 451 3472 α’πορίαν
469 3391 514 3476 τῷ
531 3381 648 3475 Ἀράτῳ
668 3393 827 3471 παρεῖχον,
847 3385 1116 3474 ἐπιβουλευομένην
1129 3388 1190 3470 ,μὲν

203 3504 322 3583 ἔξωθεν
345 3507 395 3570 καί
415 3503 633 3589 φθονουμένην
647 3501 701 3568 ὐπ’
721 3497 889 3588 Ἀντιγόνου
905 3501 961 3590 τήν
976 3499 1063 3569 πόλιν
1083 3503 1190 3590 δρῶντι

205 3620 258 3690 διά
277 3621 334 3708 τήν
353 3623 544 3710 ἐλευθερίαν,
569 3620 793 3708 ταραττομένην
814 3621 843 3686 δ’
861 3620 914 3708 ὑφ’
935 3620 1031 3707 αότῆς
1047 3623 1191 3687 καδστα-

205 3737 381 3815 σιάζουσαν.
1135 3749 1138 3754 “

245 3862 302 3920 Pro
331 3853 392 3922 όπό
419 3855 602 3930 Νικοκλέους
628 3859 789 3940 legendum
817 3880 874 3918 esse
896 3855 947 3920 ἐπὶ
964 3859 1008 3918 Ν.
1035 3859 1189 3940 sequentia

205 3980 350 4040 evincunt
367 3972 439 4050 τούς
458 3971 487 4038 δ’
506 3975 557 4040 ἒπί
577 3978 639 4040 τῶν
654 3971 826 4060 ἔμπροσθεν
841 3967 1004 4059 τυράννων.
1033 3977 1191 4058 Reponen-

206 4096 280 4155 dum
305 4097 407 4178 igitur.
432 4133 468 4140 —-
492 4093 664 4173 βαδίζοντες
690 4092 741 4158 ἐπὶ
767 4087 807 4156 τά
825 4089 923 4175 χωρία
944 4091 993 4154 καὶ
1012 4087 1067 4165 τάς
1084 4088 1191 4164 οἰκίας,
