3022 5080
574 537 753 599 ...61-

137 717 139 723 ⁴
166 717 357 800 reddiditque
376 717 513 801 ineptum
531 730 561 778 et
579 716 750 778 absurdum.
785 719 860 778 Nam
879 719 933 801 qui
953 720 1072 782 tandem
1087 719 1151 781 fieri

166 848 263 919 potest
281 848 330 908 ut,
360 857 422 919 quo
445 837 514 919 quis
534 838 600 918 jam
624 835 734 906 fertur,
760 856 795 895 eo
815 846 972 897 avertatur.
1007 839 1153 920 Ejiciatur

166 957 262 1036 igitur
280 953 576 1038 interpolamentum.

207 1192 238 1253 7.
281 1180 356 1252 aiore
369 1183 421 1250 τόν
433 1176 571 1250 sciram
583 1182 667 1275 crispi
672 1233 682 1262 ,
698 1185 802 1270 καίπερ
813 1191 874 1252 ὄντι
888 1183 945 1277 νέῳ
959 1189 1009 1252 καί
1021 1187 1152 1253 ἀνθοῦν-

165 1331 208 1380 τι,
234 1302 280 1388 μή
305 1300 481 1388 συμφοράν,
507 1300 574 1366 o'tt‘
601 1297 750 1367 ἀπόλυσιν
773 1308 872 1368 κακῶν
898 1307 961 1389 [καί
988 1307 1150 1392 σωτηρίαν]

164 1419 318 1507 γενέσθω.

209 1547 328 1628 Optime
349 1543 470 1603 Codices
485 1544 520 1604 Α.
529 1543 560 1603 B.
569 1543 602 1602 D.
610 1544 640 1602 C.
662 1543 808 1603 omittunt
820 1539 871 1602 καί
883 1539 1041 1625 σωτηρίαν.
1065 1547 1153 1606 Recte

166 1684 247 1722 mors
277 1662 390 1721 dicitur
416 1682 475 1721 csse
505 1651 651 1732 ἀπόλυσις
678 1660 792 1733 κακῶν,
820 1683 882 1720 non
913 1662 983 1722 item
1009 1659 1150 1745 σωτηρία.

166 1776 301 1864 σωτηρία
318 1781 399 1840 τοῖσι
418 1777 510 1839 tribui
531 1779 606 1839 solet
624 1780 700 1851 vivo,
722 1781 776 1862 qui
794 1800 810 1838 a
830 1781 955 1840 miseriis
971 1781 1150 1842 vindicatur.

209 2010 329 2078 15’A
417 2007 736 2074 ίδ”““”
876 2011 884 2034 “
1129 2007 1137 2031 ’

249 2063 255 2077 .
329 2035 416 2076 nom
427 2035 487 2076 νων
542 2035 587 2074 uer
600 2033 670 2084 τους
682 2031 822 2094 αριστους
834 2033 884 2074 και
904 2033 1151 2094 συγγενεστα-

167 2154 257 2206 τους
287 2128 394 2216 φρίκης
423 2125 566 2212 ἐνέπλησε
595 2127 646 2190 καὶ
673 2126 781 2208 μίσους
810 2119 883 2210 ὅλην
914 2124 971 2212 τήν
1000 2129 1152 2210 βασιλείαν

168 2248 244 2335 προς
261 2245 360 2312 αὐτόν.

211 2369 241 2428 Si
270 2366 448 2428 Plutarchus
477 2365 573 2424 dicere
600 2365 740 2424 voluisset
764 2371 835 2423 alios
862 2387 922 2425 esse
942 2374 1061 2443 optimos
1081 2373 1152 2425 aiios

168 2495 334 2566 cognatione
350 2492 512 2563 proximos,
530 2505 599 2573 quos
620 2486 793 2559 interficeret
804 2484 975 2562 Philippus,
992 2485 1152 2567 scripsisset

168 2601 218 2665 καὶ
236 2597 308 2674 τούς
328 2591 588 2682 συγγενεστιίτουςς
620 2599 668 2658 sin
695 2599 834 2659 voluisset
853 2609 972 2677 optimos
991 2624 1061 2678 quos
1081 2614 1152 2660 occi·

167 2729 264 2794 deret,
292 2725 401 2778 eosdem
428 2740 489 2778 esse
509 2724 675 2796 cognatione
691 2724 852 2793 proximos,
873 2717 1046 2797 scripsisset,
1067 2718 1151 2800 quod

167 2859 238 2898 usus
259 2838 401 2920 requirit,
421 2829 616 2898 Ἀιιοκτείνων
635 2827 664 2892 δ’
683 2826 729 2892 citi
748 2826 819 2906 τοιλς
839 2827 978 2915 οἷρίστους
996 2834 1058 2896 τῶν
1078 2852 1152 2916 συγ·

166 2946 366 3037 γενεστιίτωνς
385 2965 416 3014 at
433 2954 465 3013 id
482 2952 604 3014 horrore
621 2973 685 3012 non
703 2962 802 3012 totum
819 2973 944 3038 regnum
961 2953 1150 3036 implevisset.

169 3073 224 3132 Sed
251 3072 401 3133 levissima
430 3072 598 3130 mutatione
626 3069 838 3151 corrigendum
860 3082 919 3144 est,
944 3071 1028 3152 quod
1048 3073 1152 3133 Noster

169 3190 297 3249 omnino
309 3190 472 3272 scripsisse,
488 3188 630 3248 librarius
644 3189 760 3248 vitiasse
774 3188 907 3260 videtur,
922 3181 1152 3267 εὐγενεστάτους.

169 3307 243 3368 Vide
271 3309 304 3367 in
333 3308 384 3368 vit.
412 3306 562 3367 Ciceronis
589 3326 655 3388 pag.
677 3303 754 3381 881,
775 3304 811 3365 A.
846 3300 897 3364 καὶ
917 3297 1027 3382 σχεδον
1046 3302 1080 3366 ἐκ
1099 3306 1154 3388 τῆς
1253 3309 1256 3314 ‘

169 3418 243 3504 πρός
262 3416 386 3495 τούτους
406 3418 570 3504 συνηθείας
589 3415 813 3501 εὐγενεστάτους
832 3418 882 3482 καὶ
899 3427 1035 3504 προίτους
1050 3425 1152 3498 ὄντας,

170 3530 263 3613 αὖθις
283 3535 387 3618 ἴσχυεν
405 3537 440 3632 ἐν
458 3540 501 3625 τῇ
520 3532 603 3601 πόλει
621 3531 771 3619 μέγιστον.

211 3778 261 3838 24.
305 3773 352 3840 To*
377 3774 405 3839 δ’
424 3770 558 3862 Ἀρσίτου
583 3775 665 3861 γένος
689 3773 721 3840 ἕν
741 3800 772 3841 τε
792 3777 920 3840 Σικυῶνι
941 3773 991 3838 καὶ
1009 3777 1051 3862 τῇ
1070 3775 1153 3839 Πελ-

170 3896 247 3980 λήνῃ
274 3889 439 3975 διέμεινε
466 3891 553 3957 καθ’
579 3892 686 3978 ἡμᾶς.

212 4013 346 4073 Primum
369 4014 532 4075 articulum
552 4014 594 4098 τῇ
613 4012 842 4096 adjungendum
857 4031 916 4072 csse
931 4010 1059 4074 Σικυῶνι
1076 4033 1154 4094 quac

172 4139 340 4211 sequuntur
359 4129 401 4215 τῇ
426 4123 571 4214 Πελλήνῃ
590 4131 744 4191 evincunt.
762 4163 798 4176 -
813 4128 926 4190 Deinde
944 4129 1153 4210 corrigendum
