3022 5080
711 524 887 586 ..94-

348 708 423 770 vide
443 728 535 790 quam
556 706 635 766 male
656 704 707 766 hic
727 705 811 765 locus
832 701 870 764 ah
884 700 1101 784 Interpretibus
1120 703 1292 765 intellectus
1361 729 1365 733 ·

306 828 355 888 sit.
397 827 546 910 interpres
565 826 667 886 vertit:
690 823 789 906 Atque
807 822 954 904 exoptatis
972 819 1019 881 his
1034 831 1065 882 et
1079 819 1293 904 flagrantibus,

307 941 346 1002 ad
363 963 439 1025 quas
452 961 563 1024 magno
579 941 685 1001 ardore
698 939 908 1011 contenditur,
922 958 1025 1020 regum
1042 949 1072 1000 et
1089 949 1292 1022 tyrannorum

307 1059 448 1120 amicitiis
469 1067 590 1118 tantum
611 1059 812 1140 conjunctum
832 1067 895 1116 erat
914 1056 1017 1116 livoris
1036 1067 1067 1116 et
1083 1055 1292 1138 malignitatis.

307 1173 413 1234 Coracs
431 1172 575 1256 explicat:
606 1169 680 1254 πρδς
699 1162 736 1245 ἃς
758 1163 928 1245 unissimus
947 1159 1060 1256 (ὥσπερ
1078 1165 1167 1254 βέλη)
1184 1167 1213 1232 oi
1231 1173 1294 1235 τῶν

307 1281 483 1370 ἀνθρώπων
513 1282 654 1371 διάπυροι
679 1282 793 1370 ἔρωτες.
830 1289 920 1364 Quasi
941 1308 1010 1350 vero
1029 1278 1227 1372 περιμάχητοι
1242 1285 1293 1349 καὶ

306 1396 494 1485 τοξευόμενα
513 1398 671 1488 διαπύροις
689 1399 779 1488 ἔρωσι
795 1407 858 1466 sint
877 1405 1009 1488 epitheta
1026 1406 1167 1466 ornantia
1183 1404 1292 1486 φιλιῶν

306 1517 465 1604 βασιλέων.
497 1523 554 1585 Sed
573 1522 752 1584 Plutarchus
765 1544 830 1584 non
845 1523 1010 1606 ampullari
1026 1520 1184 1596 videbitur,
1202 1523 1292 1582 modo

307 1651 385 1702 recte
404 1661 506 1702 sensus
526 1641 736 1723 perspiciatur.
773 1639 1054 1702 Animadvertamus
1071 1651 1171 1702 totum
1191 1651 1291 1724 caput.

307 1757 444 1818 Primum
462 1757 592 1838 legimns
616 1777 716 1837 regem
739 1756 930 1838 Antigonum
954 1757 1040 1816 omni
1059 1777 1115 1839 ope
1138 1757 1240 1818 nisum
1257 1768 1292 1817 ut

308 1893 379 1935 cum
395 1873 488 1934 Arato
508 1874 673 1935 amicitiam
693 1875 887 1951 conciliaret3
901 1873 1010 1936 deinde
1026 1876 1145 1936 invidos
1155 1876 1292 1952 Aratum,

307 1987 393 2071 quasi
411 1999 491 2050 totus
511 1987 551 2049 ab
574 1989 723 2072 Antigoni
741 2001 826 2072 parte
847 2001 953 2062 staret,
975 1991 1056 2074 apud
1074 2014 1173 2074 regem
1195 1992 1292 2053 Ptole·

307 2125 442 2177 maeum,
460 2104 593 2166 amicum
609 2107 689 2188 ejus,
707 2106 909 2168 calumniatos
924 2129 998 2186 csse3
1012 2120 1079 2170 tum
1090 2109 1292 2172 Ptolemaeum

307 2241 342 2280 ea
360 2219 398 2280 dc
410 2241 442 2280 re
461 2241 514 2303 per
529 2222 687 2304 epistolam
704 2244 775 2284 cum
796 2245 830 2284 eo
849 2225 1090 2306 expostulavisse.
1132 2225 1292 2286 Conclusio

173 2343 175 2349 “
307 2337 419 2419 igitur,
440 2337 557 2420 inqua
577 2339 750 2400 summatim
770 2337 847 2400 haec
865 2341 1038 2425 complexa,
1060 2363 1211 2425 quaenam
1230 2343 1291 2404 alia

306 2454 390 2536 sequi
417 2455 511 2536 possit
539 2466 629 2538 atquc
655 2454 850 2538 hujusmodi:
881 2457 1032 2520 Amicitiis
1061 2461 1165 2543 itaque
1188 2481 1291 2542 regum

306 2591 377 2630 oum
393 2569 503 2647 Arato,
524 2591 599 2653 quas
615 2593 727 2654 magna
743 2574 942 2640 contentione,
957 2583 987 2634 et
1008 2575 1127 2637 ardenti
1148 2576 1292 2660 cupidine

306 2686 468 2748 conciliare
497 2687 688 2750 conabantur
717 2689 836 2772 (reges),
864 2701 987 2753 tantum
1007 2693 1208 2776 conjunctum
1228 2705 1293 2754 erat

305 2803 408 2866 livoris
429 2826 464 2865 ac
481 2803 625 2866 malitiae.
658 2805 788 2868 Genitivi
805 2807 900 2890 igitur
913 2802 1064 2886 βασιλέων
1077 2804 1127 2870 καὶ
1139 2802 1294 2892 τυράννων

305 2933 368 2983 tam
388 2923 521 3005 pendent
540 2943 557 2982 a
576 2944 638 2984 voc.
660 2915 751 3004 ἔρωσι
769 2945 862 3006 quam
883 2947 901 2984 a
918 2920 1039 3006 φιλίαις.

749 3086 847 3094 -ι-ι

682 3212 790 3274 clu.
833 3213 909 3274 τοι.
1016 3304 1020 3308 ¹

346 3407 375 3464 3.
417 3405 564 3476 Βοιωτοῖς
582 3399 618 3464 δὲ
635 3401 716 3484 μειοῖ
733 3401 851 3489 μορίαν
863 3404 1055 3488 στρατιωτῶν
1066 3407 1194 3490 βοηθῶν
1207 3401 1292 3471 o'otl-

305 3536 377 3601 ρησε
408 3519 463 3602 τῆς
498 3510 619 3600 μα’χης,
648 3511 699 3601 ἢν
734 3516 787 3582 sin'
820 3519 973 3586 Αἰτωλῶν
1004 3520 1072 3607 περὶ
1102 3517 1292 3610 Χαιρώνειαν

304 3630 502 3720 ’filistiim’

346 3756 403 3815 Pro
427 3743 465 3836 ἢν
492 3753 656 3835 legendum
685 3753 803 3814 videtur
831 3739 866 3842 ᾗ.
916 3757 1092 3819 Conferatur
1112 3760 1193 3820 inira
1220 3759 1290 3841 Cap.

305 3870 432 3932 xxxtv.
463 3871 533 3968 init.
580 3863 640 3932 Act
664 3867 714 3931 καὶ
743 3865 945 3953 κρατηθέντος
979 3867 1075 3934 αὐτοῦ
1101 3867 1193 3960 μάχῃ
1225 3871 1293 3957 περὶ

305 3981 473 4048 Φυλακίαν.
495 3986 566 4069 Gap.
587 3987 715 4048 XXXIX..
739 3989 808 4049 init.
848 3985 898 4050 noi
916 3983 1009 4076 μάχῃ
1028 3983 1148 4077 μιγάλῃ
1168 3989 1243 4075 περὶΙ
1257 3986 1292 4054 ια’

304 4092 525 4182 Ἑκατόμβαιον
548 4095 743 4184 ἡττηθέντες,
769 4106 845 4186 Cap.
877 4107 979 4169 xtvl.
1004 4109 1072 4169 init.
1116 4101 1292 4191 Κλεομένης
