3022 5080
747 513 920 576 ..ιρ-

341 701 471 785 utquid
493 691 656 760 facerent?
690 697 727 756 Ut
750 695 934 779 possiderent
954 707 983 756 et
996 693 1227 756 inhabitarent?
1269 697 1329 757 Sed

342 817 396 878 alii
420 814 643 878 inhabitabant.
670 815 707 876 Ut
723 833 771 874 eos
786 812 993 896 expellerent?
1014 812 1069 874 Sed
1085 804 1330 892 ἐπελαμβάνοντο

342 936 364 1004 i.
383 956 409 995 e.
436 932 647 1004 vindicabant,
671 935 740 1016 jure
765 929 921 1014 petebant,
948 926 999 990 καὶ
1022 922 1116 1008 μόνον
1140 932 1203 1003 τοϊς
1222 922 1331 1010 ἔχουσι

341 1044 539 1135 τός’ντῆσεες
557 1041 731 1133 ἠνώχλουν,
758 1049 931 1110 conseratur
950 1049 1021 1130 Gap.
1042 1049 1113 1120 xu,
1139 1049 1208 1108 init.
1248 1047 1329 1123 Quid

342 1170 458 1252 igitur?
510 1171 618 1252 Inepta
652 1171 709 1230 ista
736 1165 840 1239 rerba,
873 1179 909 1228 ut
945 1166 1045 1226 aliena
1073 1187 1168 1226 uranu
1199 1167 1327 1234 inserta,

342 1286 435 1347 litura
455 1285 586 1348 delenda
608 1296 689 1365 sunt,
714 1297 745 1346 et
772 1305 888 1345 comma
909 1282 1087 1368 ponendum
1107 1295 1174 1366 post
1195 1279 1329 1357 ἐπελαμ-

340 1396 469 1481 βόνοντα

788 1525 883 1533 ι...-

733 1660 850 1752 fase.
892 1689 927 1747 x.

387 1882 413 1942 1.
447 1870 515 1941 Ἦν
544 1874 714 1962 δ”Αρατος
737 1880 782 1966 τῷ
807 1870 908 1965 τρόπῳ
927 1872 1090 1953 πολιτικός,
1113 1871 1328 1962 μεγαλόφρων,

342 1993 546 2081 ἀκριβέστερος
562 1995 603 2070 εἷς
619 1991 659 2060 τό
678 1991 761 2060 κοινοὶ
781 1995 901 2076 μᾶλλον
916 1994 978 2060 τῶν
997 1991 1097 2071 ἰδίων,
1117 1998 1228 2080 πικρῶς
1244 2015 1328 2076 μισο-

341 2109 492 2199 τόραννος,
509 2111 627 2198 ἔχθρας
640 2104 701 2201 όρῳ
721 2112 772 2176 καὶ
787 2109 891 2196 φιλίας
911 2109 958 2174 αἐδ
977 2113 1023 2200 τῷ
1039 2113 1129 2200 κοινῷ
1146 2109 1330 2196 συμφέροντι

341 2223 504 2314 χρεόμενος.
538 2221 637 2292 Ὅθεν
665 2231 726 2310 οὐχ
749 2220 845 2303 οὕτως
865 2229 950 2292 δοκεῖ
969 2224 1116 2311 γεγονέναι
1140 2227 1330 2312 φίλοςόκρι-

342 2342 414 2428 βὴς,
434 2344 477 2421 τός
501 2341 617 2428 ἐχθρός
642 2341 805 2428 εδγνῶμων
827 2342 878 2408 καί
899 2347 1007 2434 πρᾷος,
1028 2343 1090 2409 o‘nd
1107 2347 1162 2430 τῆς
1183 2344 1347 2420 πολιτείας,

342 2461 390 2527 ἐπ’
409 2456 567 2548 α’μφότερα
585 2464 634 2551 τῷ
654 2463 747 2550 καιρῷ
766 2453 1041 2542 μεταβαλλόμενος,
1068 2459 1210 2542 ὁμονοίας
1228 2463 1331 2527 ἐθνῶν

343 2578 393 2642 καὶ
425 2576 578 2654 κοινωνίας
609 2571 726 2644 πόλεων
758 2577 809 2642 καὶ
836 2577 992 2664 συνεδρίου
1018 2578 1068 2642 καὶ
1094 2573 1227 2664 θεάτρου
1256 2577 1331 2660 μίαν

342 2693 450 2782 φωνήν
469 2693 610 2780 ἀφιέντος
630 2693 672 2771 ω’ς
691 2693 813 2771 οὐδενός
833 2700 927 2760 ἄλλον
946 2698 1009 2760 τῶν
1026 2699 1127 2760 καλῶν
1145 2692 1290 2780 ἐραστής,

384 2819 480 2878 Locus
500 2816 552 2877 hic
573 2817 714 2878 noudum
728 2818 778 2877 ita
801 2817 984 2878 constitutus
1004 2827 1047 2876 eat
1066 2828 1101 2875 ut
1115 2815 1206 2898 plane
1220 2818 1331 2900 perspi·

343 2957 431 2995 caus*
445 2937 491 2994 sit.
541 2935 752 3015 interpunctio
781 2935 887 2994 vitiosa
918 2943 969 2992 est.
1020 2934 1132 3016 Nempe
1165 2920 1240 2993 ὅθεν
1269 2928 1331 3012 οδχ

343 3037 440 3121 οὕτως
467 3094 556 3108 .....
582 3038 843 3128 μεταβαλλόμενος
858 3060 902 3110 est
914 3052 1062 3111 sententia
1075 3053 1240 3135 interjecta,
1253 3073 1330 3135 quae

344 3163 469 3228 refertur
491 3167 529 3228 ad
550 3159 668 3249 ἔχθρας
691 3155 752 3254 ὅρῳ
775 3161 948 3246 suintilae
971 3162 1017 3228 dri
1038 3167 1083 3255 τῷ
1101 3169 1191 3255 κοινῷ
1210 3163 1330 3251 συμφό·

343 3306 423 3368 pom
439 3277 602 3366 χρώμενος.
642 3285 793 3346 Punctum
814 3287 915 3346 minus
933 3286 1027 3367 igitur
1045 3297 1114 3347 ante
1129 3275 1205 3348 ὅθεν
1219 3300 1249 3349 et
1262 3299 1329 3370 post

343 3396 602 3480 μεταβαλλόμενος
617 3414 760 3485 ponatur.
791 3403 904 3462 Deinde
921 3413 987 3484 post
999 3403 1191 3486 parenthesin
1208 3405 1244 3464 ad
1259 3426 1330 3464 con·

344 3518 530 3578 tinuandam
551 3518 733 3590 orationem,
754 3541 832 3602 quae
851 3519 995 3580 reseratur
1015 3521 1054 3580 ad
1067 3510 1129 3580 Ἠν
1146 3515 1175 3581 δ’
1185 3522 1331 3603 Ἄρατος,

346 3637 495 3721 particula
514 3631 550 3696 δὲ
566 3637 649 3696 δαῖεν
667 3659 748 3698 νοτε.
769 3633 909 3715 ὁμονοίας
921 3652 950 3700 et
963 3638 1066 3702 ἐθνῶν
1078 3642 1235 3701 inseratur.
1256 3642 1331 3700 Tum

344 3754 395 3818 καὶ
411 3751 565 3839 συνεδρίου
585 3751 636 3817 καὶ
651 3747 784 3839 θεάτρου
802 3752 877 3835 μίαν
896 3749 1002 3840 φωνήν
1019 3753 1158 3840 α’φιέντος
1173 3762 1252 3820 inter
1269 3759 1331 3819 duo

346 3885 495 3934 commata
515 3873 728 3950 includantur3
754 3873 788 3934 hi
808 3877 934 3955 genitivi
953 3878 1034 3936 enirn
1058 3899 1129 3937 curn
1151 3879 1330 3939 anteceden-

345 3991 426 4052 tibus
447 4012 509 4051 non
530 3991 704 4065 cohaerent,
725 3992 774 4051 sed
794 4003 865 4052 sunt
883 3993 1013 4054 absoluti
1020 4017 1028 4071 5
1049 3998 1233 4056 constructio
1249 3998 1330 4056 enirn

345 4122 388 4171 est
409 4109 499 4170 haec:
521 4098 572 4192 (ἦν
592 4103 621 4168 δ’
632 4109 790 4192 Ἄρατος),
810 4107 860 4172 καὶ
874 4109 1028 4195 συνεδρίου
1043 4109 1093 4175 καὶ
1109 4115 1239 4198 θεάτρου
1257 4111 1331 4195 μίαν
