3022 5080
712 526 871 588 ...Ga-

692 757 799 817 cAP.
842 759 890 816 lV.

338 949 368 1010 7.
411 947 565 1031 Νικοκλῆς
584 941 640 1008 ούκ
659 939 762 1028 ἠμέλει
782 947 845 1008 τῶν
865 938 1093 1027 πραττομένων,
1121 939 1187 1006 ἀλλ’
1204 939 1286 1026 οἰδή-

298 1070 360 1141 λως
378 1057 607 1148 παρεθειύρει
628 1061 679 1126 καὶ
700 1060 927 1146 παρεφύλαττεν
947 1059 1044 1126 αύτού
1062 1063 1119 1146 τιγν
1137 1057 1252 1146 ὀρμήν,·

341 1185 497 1266 Perpetem
512 1183 659 1244 aSinteni
673 1203 709 1243 ex
724 1204 787 1242 uno
796 1182 904 1244 Codice
917 1181 1041 1242 verbtim
1053 1173 1237 1264 παρεθειύρει
1252 1183 1286 1241 in

303 1313 419 1362 textum
441 1311 592 1385 receptum
615 1313 674 1377 est;
696 1301 912 1361 diciturenim
933 1300 1143 1382 παραθεωρεῖν
1163 1321 1191 1360 τι
1213 1291 1287 1381 πρύς

300 1441 344 1492 τι,
376 1441 460 1477 unum
487 1428 579 1493 jueta
610 1423 731 1476 alterum
753 1433 900 1494 spectare3
922 1415 1091 1476 conferatur
1111 1415 1189 1474 Plut.
1213 1416 1287 1497 reip.

302 1560 361 1620 ger.
375 1558 473 1620 praec.
487 1537 558 1620 Cap.
572 1537 621 1597 27.
643 1530 778 1617 Xenoph.
793 1535 911 1594 Memor.
927 1535 978 1606 IV,
993 1533 1059 1605 8,7.
1080 1529 1288 1614 Ἀποθεωρεῖν

303 1668 418 1727 autem,
438 1655 521 1738 quod
552 1654 609 1714 hoc
631 1655 699 1714 loco
725 1655 823 1714 sensui
845 1653 1032 1735 aptissimum
1057 1663 1115 1724 est,
1137 1649 1290 1732 significat

303 1797 318 1832 e
340 1779 491 1850 longinquo
512 1776 671 1849 speculam
689 1771 860 1832 conseratur
871 1770 929 1830 vit.
942 1769 1048 1830 Timol.
1065 1769 1136 1852 Peg.
1147 1765 1224 1839 294,
1238 1766 1268 1826 C.
1288 1745 1290 1750 Ι

347 2008 393 2068 13.
435 2001 489 2078 Ὡς
518 2001 547 2066 δ’
565 2000 730 2086 Ἀντίγονος
756 2000 813 2081 μὲν
841 1994 1079 2084 ύνιισχνυύμενος
1108 1999 1211 2088 ἠμέλει
1240 2002 1290 2067 καὶ

303 2126 441 2206 παρῆκε
467 2115 520 2185 τᾶν
545 2117 673 2206 χρόνον,
704 2116 737 2182 αλ
770 2118 798 2182 d’
825 2116 878 2184 αἰύ
909 2114 1070 2202 Αἰγύπτου
1097 2121 1159 2208 καλ
1188 2117 1291 2204 παριὶ

303 2235 556 2318 Πτολεμαίου
589 2234 708 2322 μακρύν
742 2230 822 2321 ἦσαν
852 2234 984 2314 trusere,
1021 2233 1096 2319 ἔγνω
1127 2235 1167 2300 δι’
1196 2236 1292 2300 αύτυῦ

302 2351 460 2420 καταλύειν
479 2350 532 2419 ede
552 2350 706 2439 τύραννον.

346 2479 402 2537 Pro
431 2477 546 2558 παρῆκε
576 2476 738 2558 legendum
766 2476 891 2558 παρῆγε.
942 2471 1080 2559 παριέναι
1105 2472 1159 2540 τύν
1184 2473 1292 2560 χρόνον

302 2602 532 2672 praetermittere
553 2610 664 2671 tempus
684 2615 749 2653 non
770 2593 900 2666 dieitur,
928 2595 976 2654 sed
1005 2589 1057 2655 τὸν
1077 2592 1195 2678 καιρύν,
1216 2619 1293 2656 occa·
1320 2673 1326 2684 .

306 2721 429 2782 sionem
463 2711 634 2772 conferatur
664 2705 772 2794 Polyb.
803 2713 832 2782 Ι,
862 2711 916 2782 33,
944 2715 972 2772 5.
1010 2705 1057 2793 μή
1080 2707 1218 2795 παριέναι
1240 2707 1294 2774 τὸν

307 2819 417 2910 καιρόν.
445 2823 522 2890 Plat.
544 2829 580 2888 de
601 2829 717 2912 Repub.
740 2826 785 2898 ΙΙ,
812 2830 881 2910 Peg.
903 2829 977 2900 374,
1000 2830 1032 2890 Ε.
1072 2823 1208 2924 παριέναι
1224 2823 1296 2901 τούς

307 2936 436 3026 καιρούς.
463 2945 600 3028 Thucyd.
630 2948 687 3018 IV,
721 2947 771 3006 27.
799 2945 855 3006 fin.
896 2940 977 3026 μηδὲ
1003 2940 1174 3024 διαμέλλειν
1194 2939 1295 3024 καιρόν

308 3053 474 3143 παριέντας.
496 3098 535 3110 -
563 3055 706 3145 παροῖγειν
725 3055 779 3124 etr
798 3054 908 3144 χρόνον
928 3079 1039 3141 tempus
1059 3068 1186 3138 trahere,
1212 3065 1295 3147 quod

309 3203 410 3244 sensus
424 3180 562 3242 hocloco
576 3180 710 3262 flagitat,
732 3191 807 3241 recte
822 3181 948 3256 dicitur;
971 3181 1141 3244 conferatur
1158 3183 1213 3243 Vir.
1224 3181 1294 3244 Feb.

310 3301 388 3361 Max.
408 3301 479 3384 Cap.
496 3301 532 3362 V.
572 3288 663 3362 Ούτω
685 3293 720 3360 δὲ
740 3290 885 3380 παράγων
904 3291 959 3360 τύν
970 3295 1081 3381 χρόνον
1096 3296 1156 3362 ύπύ
1174 3295 1297 3362 πάντων

309 3421 524 3501 κατεφρονεῖτο.
552 3453 592 3466 -
620 3419 734 3480 Deinde
757 3417 921 3480 delendum
942 3439 1001 3479 esse
1023 3439 1127 3480 censeo
1148 3416 1198 3480 καὶ
1214 3411 1297 3500 παριλ
1342 3415 1345 3422 '

311 3532 522 3614 Πτολεμαέου;
551 3548 593 3596 est
620 3537 703 3596 enim
728 3537 875 3620 languida
902 3540 1106 3621 interpretatio
1127 3539 1161 3599 in
1182 3549 1297 3604 textum

312 3659 430 3718 invecta
451 3655 667 3719 vocabulorum
688 3651 741 3717 ἀπ’
753 3648 912 3738 Αἰγύπτου
919 3701 930 3731 ‚
947 3679 1025 3740 quae
1039 3679 1091 3740 per
1105 3677 1133 3716 se
1147 3657 1217 3716 satis
1231 3655 1297 3714 Pto·

312 3773 459 3836 lemaeum
487 3773 672 3857 significant.
716 3761 830 3836 Vitium
859 3778 948 3836 etiam
976 3776 1092 3837 indicat
1119 3773 1297 3856 conjunctio

312 3878 378 3965 καλ,
398 3903 554 3974 tamquam
575 3893 648 3953 novi
665 3893 740 3976 quid
759 3893 932 3970 adderetur,
954 3915 1022 3954 cum
1040 3905 1140 3954 tamen
1155 3891 1200 3952 bis
1217 3891 1297 3952 idem

313 4007 442 4068 dicatur.
482 4007 555 4069 Tum
583 4009 710 4070 offendit
737 4007 1045 4095 ρταεροείῑίοπαροῖι
1078 4013 1187 4072 Graece
1213 4009 1297 4068 enim

314 4148 377 4186 non
398 4127 509 4188 dieitur
530 4123 614 4200 ἐλπὶς
634 4121 715 4209 παρά
737 4149 822 4201 τινος.
