3022 5080
600 569 777 630 ..47-

188 751 379 842 ῶρμημὲνιον
399 757 462 821 τῶν
481 751 613 834 Ἀχαιῶν
632 755 683 817 καὶ
703 756 759 818 τοῦ
778 750 926 834 βασιλέως
942 755 1003 819 τῶν
1022 757 1177 820 Λακεδαι-

187 873 303 956 μονίων
319 875 445 956 Ἀγιδος
470 869 656 956 ἀφικομένου
676 869 754 952 μετῶ
776 866 933 952 δυνάμεως
958 873 1019 935 καὶ
1039 874 1177 958 συνεξορ-

187 995 308 1073 μῶντος
336 991 388 1056 ἐπὶ
414 985 471 1075 τήν
500 984 607 1073 μα’χην
635 986 706 1064 ταῖς
732 985 881 1072 Ἀχαιοῶς
907 990 1100 1065 ἐναντιωθεὶς
1126 989 1178 1053 καὶ

189 1106 290 1174 πολλῶ
303 1106 360 1189 μὲν
372 1104 488 1191 σ’νεῖδη,
502 1105 601 1171 πολλοὶ
618 1104 648 1170 d’
664 1107 705 1182 εἷς
716 1105 869 1188 μαλακίαν
880 1107 930 1170 ναὶ
948 1105 1097 1188 οἶτολμῖαν
1116 1107 1179 1170 καλ

190 1219 361 1308 σκῶμματα
382 1224 432 1290 καὶ
450 1222 626 1308 χλευασμὸν
643 1223 807 1307 ν’πομείνας
826 1222 864 1290 ου’
882 1218 1033 1310 προήκατο
1053 1223 1113 1290 xri.

232 1349 367 1408 Primum
387 1346 613 1430 corrigendum,
635 1347 822 1430 transpositis
841 1344 996 1407 vocabulis
1013 1348 1179 1427 συμβαλεῖν

190 1462 265 1545 μὲν,
288 1455 336 1527 ὅτε
354 1460 412 1542 μὲν
432 1465 616 1543 συμβαλεῖν;
640 1465 806 1548 opponitur
825 1465 909 1524 enim
932 1464 1038 1546 paullo
1055 1465 1179 1524 inferius

187 1579 240 1656 Ὡς
259 1580 361 1660 μέντοι
382 1575 591 1664 παρελθόντες.
615 1581 791 1642 -Deinde
813 1582 978 1664 particulae
998 1579 1065 1656 καὶ,
1086 1583 1180 1642 altera

193 1711 263 1760 ante
280 1698 520 1781 συνεξορμῶντος
535 1699 628 1760 altera
645 1710 711 1780 post
729 1693 891 1778 ἀτολμίαν,
913 1701 1089 1782 ejiciantur3
1112 1723 1178 1784 per·

193 1819 346 1902 spicuitati
366 1819 448 1880 enim
466 1816 579 1878 obsunt
600 1818 758 1892 admissae,
779 1829 908 1902 prosunt
923 1819 1057 1882 omissae.

235 2053 285 2114 23.
326 2050 392 2113 Καὶ
418 2047 576 2132 γενομένης
605 2045 789 2132 ἐκπλήξεως,
822 2049 887 2112 οῖαν
911 2046 987 2124 εἰκός
1013 2051 1047 2115 ἐν
1074 2048 1182 2138 α’τοξιίγ

194 2162 338 2254 τοιαύτῃ,
360 2167 430 2250 πρὶν
447 2161 469 2251 ἢ
488 2163 604 2241 πάντας
619 2163 782 2230 πυθέσθαι
800 2164 851 2230 το“ν
870 2163 1006 2230 κίνδυνον
1025 2165 1055 2230 οἱ
1070 2170 1182 2249 πρῶτοι

195 2285 263 2370 περὶ
281 2282 336 2360 τιὶς
353 2284 450 2360 πύλας
470 2290 533 2359 τοῖς
550 2281 685 2366 Ἀχαιοῖς
704 2283 755 2348 καὶ
773 2282 813 2349 τῶ
830 2279 992 2369 προάστεια
1013 2280 1183 2366 συμπεσόν·

194 2425 243 2478 τες
261 2398 387 2488 ἔφευγον
407 2400 467 2466 xri.

236 2516 434 2608 Ροοτοιαῦτγγ
454 2521 614 2604 legendum
634 2522 751 2584 videtur
769 2511 913 2608 τοσαύτῃ.
932 2557 970 2570 -
991 2523 1081 2584 Porro
1098 2541 1183 2586 voca·

196 2643 270 2703 bula
290 2645 354 2715 τοῖς
373 2637 515 2721 Ἀχαιοῖς
538 2653 761 2725 postponantur
780 2641 929 2702 vocabulo
948 2633 1112 2723 προάστεια
1118 2687 1129 2717 ,
1149 2655 1184 2704 ut

196 2782 236 2821 nc
253 2782 287 2821 ea
305 2783 384 2844 quae
401 2759 581 2822 cohaereant
599 2760 709 2820 frustra
726 2771 756 2820 et
774 2761 839 2820 sine
858 2780 947 2820 causa
965 2759 1182 2831 distrahantur,

197 2901 270 2941 neve
283 2881 508 2940 constructione
521 2877 688 2940 disturbata
703 2879 898 2962 perspicuitas
912 2878 1078 2937 minuatur.
1100 2877 1184 2938 Prae·

198 2998 308 3079 positio
333 2998 415 3058 enim
440 2992 509 3077 περῖ
529 2995 619 3058 etiam
637 2999 767 3081 pertinet
789 2996 827 3057 ad
848 3017 929 3059 voco.
948 2989 990 3060 τῶ
1005 2985 1185 3081 προεῖοτεια,

197 3137 277 3196 quae
295 3116 391 3196 igitur
411 3115 450 3176 ad
469 3107 526 3188 τῶς
544 3110 643 3188 πύλας
663 3115 883 3198 adjungantur.
990 3113 993 3118 ’

639 3277 737 3290 qun——

562 3405 668 3466 etr.
709 3405 820 3468 XXXV.

244 3594 270 3654 l.
311 3588 349 3654 Ὁ
367 3589 540 3678 δ’·Αροτος
558 3586 785 3679 ἐξεργαζόμενος
807 3591 864 3676 τήν
886 3588 1020 3656 παλαιῶν
1040 3584 1188 3655 ὑπόθεσιν

200 3707 251 3770 καὶ
271 3707 506 3792 δυσανασχετῶν
524 3706 581 3794 τήν
595 3707 628 3774 ἐν
639 3714 744 3794 Ἀργει
757 3707 920 3794 τυραννίδα
935 3711 1108 3791 γειτνιῶσαν
1130 3705 1188 3769 od·

201 3830 286 3899 τοῖς
308 3821 411 3890 ἔπειθε
436 3823 565 3907 πέμπων
590 3823 642 3891 τόν
667 3823 894 3910 Ἀριστόμαχον
914 3825 955 3900 εἰς
974 3820 1068 3905 μέσον
1087 3825 1189 3888 θεῖναι

201 3944 252 4006 καλ
271 3949 465 4029 προςαγαγεῖν
484 3949 547 4018 τοῖς
564 3942 706 4026 Ἀχαιοῖς
724 3940 782 4028 τήν
801 3935 887 4006 πόλιν
906 3939 966 4006 xri.

243 4065 412 4125 Pronomen
442 4058 545 4136 adroic
569 4063 621 4126 hic
646 4085 777 4146 perverse
804 4062 953 4125 antecedit
980 4063 1100 4124 nomini
1127 4063 1190 4133 τοῖς

201 4177 352 4260 Ἀχαιοῖς.
395 4183 486 4243 Locos
506 4182 588 4242 inter
606 4201 635 4242 se
655 4193 823 4264 permutare
843 4181 1004 4254 deberent,
1033 4181 1093 4242 nisi
1115 4180 1189 4240 sim-
