3022 5080
727 505 904 571 -90-

318 693 449 773 γραφαῖς
469 689 519 752 καὶ
539 685 656 766 πίναξιν
676 687 739 755 άπδ
758 685 813 774 τής
831 685 994 768 Ἑλλάδος,
1009 690 1042 754 ἓν
1060 680 1104 766 οἷς
1122 688 1215 774 κρίσιν
1227 687 1307 772 ἔχων

319 806 375 874 orie
394 814 530 890 ἄμουσον
550 808 711 894 δἈρατος
729 807 778 873 αἐί
793 835 823 874 τι
842 813 905 875 ταῖν
923 814 1066 892 τεχνικῶν
1085 808 1135 873 καὶ
1154 813 1308 894 περιττῶν,

317 921 453 1009 μάλιστα
489 923 524 990 δέ
557 928 729 1012 Παμφίλου
761 926 812 992 καὶ
847 924 1057 992 Μελάνθου
1090 921 1228 1009 συνάγων
1256 926 1307 989 aci

318 1039 467 1125 πτάμενος
487 1040 673 1109 άπέστελλεν.

359 1167 491 1246 γραφαῖς
505 1160 556 1225 καὶ
572 1158 690 1236 πίναξιν
712 1187 766 1247 pro
782 1167 911 1247 γραφαῖς
924 1162 959 1225 έν
971 1160 1071 1238 πίναξι
1083 1157 1307 1247 γεγραμμένας.

319 1282 439 1342 Dictum
455 1292 499 1342 est
513 1281 603 1342 solito
619 1301 701 1340 more
716 1277 750 1342 ἓν
760 1274 813 1340 διά
825 1278 927 1355 δυοῖν,
940 1293 974 1342 ut
984 1282 1055 1363 Gap.
1070 1280 1214 1364 seq.mod.
1223 1269 1307 1361 άρμα

320 1393 370 1458 καί
389 1391 473 1478 νάιην
483 1419 537 1481 pro
549 1386 634 1478 άρμιι
648 1389 820 1480 νικηφόρον,
835 1397 918 1480 quod
930 1396 1045 1458 ibidem
1058 1397 1164 1480 paullo
1174 1397 1307 1479 superius

319 1514 439 1596 legitur.
474 1515 511 1575 ld
534 1517 659 1588 monuI,
678 1517 752 1598 quia
770 1513 943 1576 Schaeserus
964 1515 1096 1597 explicat
1108 1501 1213 1595 γραφή
1226 1521 1307 1571 unius

311 1635 431 1710 figurae
442 1626 533 1703 πίναξ
541 1639 727 1708 plurium·
743 1632 800 1691 Pro
809 1623 984 1691 Μελάνθου
1000 1629 1217 1690 restituendmn
1229 1628 1309 1688 vide·

320 1757 371 1804 tur
383 1740 568 1806 Μελανθίου
584 1757 658 1807 utet
668 1745 748 1806 infra
763 1747 797 1806 in
810 1745 971 1828 Calell.
985 1746 1054 1806 init.
1074 1746 1100 1804 Ν
1102 1765 1151 1804 am
1164 1745 1307 1826 Diogenes

321 1861 455 1920 La'e'rtius
475 1862 511 1921 iu
530 1860 586 1922 lib.
604 1862 655 1934 IV,
676 1860 724 1924 18.
761 1861 879 1924 Plinius
900 1863 972 1923 llist.
993 1861 1060 1922 Nat.
1080 1861 1192 1934 XXXV,
1204 1861 1233 1932 7,
1256 1859 1305 1921 10.

322 1998 357 2038 ac
377 1977 511 2049 XXXVI,
535 1977 563 2040 1.
581 1989 611 2040 et
635 1979 860 2055 Quinctiliauus
880 1978 956 2040 Inst
974 1979 1024 2040 Or.
1040 1979 1108 2050 XII,
1123 1977 1170 2056 10,
1187 1977 1229 2052 6.,
1250 1980 1307 2060 qui

322 2093 361 2152 de
388 2093 491 2154 eodem
515 2095 644 2176 pictore,
664 2095 816 2178 discipulo
838 2094 990 2178 Pamphili
1012 2106 1047 2155 et*
1058 2095 1177 2178 aequali
1193 2093 1307 2177 Apellis

322 2210 506 2270 mentionem
526 2208 658 2281 saciant,
680 2209 817 2271 scribunt
837 2199 1019 2284 Μελάνθιος
1038 2214 1225 2272 Melanthius.

698 2493 721 2553 C
735 2493 762 2554 A
775 2494 806 2554 P.
848 2495 932 2556 XllI.

367 2685 414 2745 19.
454 2675 688 2764 Ἐπιτράυαντος
720 2673 776 2744 oris
800 2684 858 2746 τοῖν
886 2677 1013 2768 Ἀράτου
1045 2681 1264 2768 διήλειψεν
1290 2685 1309 2748 ὁ

324 2795 466 2880 Νέαλιιης
482 2793 534 2864 τάν
553 2793 758 2881 Ἀρίστρατον,
776 2799 819 2874 εἷς
837 2797 873 2862 δὲ
892 2796 948 2883 τήν
960 2794 1066 2886 χάραν
1083 2800 1200 2884 φοίνικα
1216 2795 1311 2883 μόνον

325 2911 501 3000 ἐνέγραψεν,
525 2917 602 2976 ἄλλο
625 2908 654 2974 δ’
674 2909 762 2976 οὐδὲν
782 2908 931 2998 ἐτόλμησε
950 2920 1145 2999 παραβαλεῖν.
1174 2914 1256 2992 Taele
1274 2915 1311 2980 δὲ

326 3028 425 3106 πόδας
443 3027 674 3113 ἐξαλειφομένου
695 3036 751 3096 τοῦ
768 3027 961 3119 Ἀριστράτου
982 3035 1151 3102 διαλαθεῖν.

369 3153 426 3212 Pro
444 3144 598 3235 διήλειψεν
617 3152 837 3213 restituendum
850 3155 932 3237 quod
946 3155 997 3216 hic
1010 3159 1173 3240 requiritur
1186 3157 1310 3220 verbum

327 3261 498 3352 ἐξήλειψεν,
520 3291 613 3352 quam
638 3272 854 3332 correctionem
879 3273 962 3355 quod
983 3295 1057 3335 mox
1076 3277 1211 3358 sequitur
1230 3274 1311 3336 verb.

328 3379 558 3465 ἐξαλειφομένου
579 3388 711 3447 maxime
733 3390 979 3452 commendatae
999 3392 1168 3454 confirmat.
1190 3394 1312 3476 Saepius

329 3499 360 3561 δι
388 3512 417 3560 et
444 3499 475 3572 εξ
504 3499 543 3558 ob
571 3522 716 3583 perquam
745 3505 874 3565 similem
900 3508 1078 3590 scripturam
1099 3512 1133 3570 in
1152 3511 1311 3572 (lodicibus

328 3628 548 3701 permutantur.

370 3853 420 3914 23.
456 3853 513 3914 Ἐκ
532 3873 563 3914 τε
580 3847 622 3936 δή
641 3843 757 3917 τοάτων
773 3851 791 3917 o‘
800 3858 934 3940 Ἀρατος
950 3853 1089 3940 ἠγαπᾶτο
1111 3857 1162 3922 καὶ
1181 3858 1245 3922 διδ
1251 3853 1313 3933 oric

328 3971 463 4051 πεῖραν
482 3962 525 4030 ἔτι
544 3969 663 4046 μᾶλλον
682 3958 785 4052 ήψατο
804 3974 861 4036 τοῦ
871 3969 1019 4053 βασιλέως
1031 3973 1081 4038 ιιαὶ
1093 3971 1210 4061 δωρεάν
1222 3971 1312 4058 ἔλαβε

328 4086 370 4172 τῇ
389 4079 472 4148 πόλει
491 4077 674 4169 πεντήκοντα
693 4085 744 4149 eol
764 4083 869 4152 ἑκατδν
888 4084 1031 4154 τάλαντα.
